2850 4898
655 341 703 433 47ι

124 514 296 598 auidaque,
319 515 409 597 XIII,
433 516 494 580 208
516 535 630 581 manus
653 516 756 581 altera
779 514 812 579 in
833 516 860 580 L
885 521 971 582 reete
993 514 1132 581 correxit
1154 515 1222 581 eolo

124 625 280 690 uoluntas.
325 625 383 705 XI,
406 625 446 689 55
469 632 575 690 autem
599 630 631 689 et
652 623 737 702 XVI,
762 623 906 690 tereste
929 623 1045 689 Iahnio
1066 623 1124 688 alii
1146 624 1222 689 libri

125 733 241 798 elassis
265 732 460 816 depravatae
476 737 561 797 reete
584 731 715 798 tradunt
735 737 764 796 et
785 732 955 814 sapienterve
978 731 1153 814 etreliqua
1168 737 1221 797 tot.

126 841 220 906 Adde
245 840 331 922 quod
354 839 479 906 scholia
502 841 632 924 saepius
655 841 848 923 scripturam
869 842 1027 924 integram
1050 841 1221 925 explicant,

125 958 160 1014 ut
180 950 231 1028 VI,
250 951 312 1014 554
335 950 410 1014 inL
434 949 624 1016 scholiastes
647 950 876 1033 interpretatur
893 950 987 1032 quasi
1010 949 1043 1014 iu
1069 955 1221 1015 eontextu

126 1058 255 1141 legatur
284 1058 378 1138 forato.
422 1059 527 1124 Etiam
554 1077 681 1124 versum
709 1058 763 1137 VI,
788 1059 857 1141 126,
888 1077 985 1140 quem
1015 1078 1124 1124 omnes
1147 1058 1222 1123 libri

125 1168 190 1232 mei
211 1186 282 1233 oum
305 1167 330 1232 P
353 1168 510 1246 omittunt,
534 1169 575 1233 ab
598 1168 749 1233 Iuvenale
772 1167 950 1250 profectum
966 1187 1038 1232 esse
1053 1187 1110 1250 pro
1134 1173 1220 1233 eerto

128 1274 241 1341 habeo.
293 1277 398 1342 Diotio
432 1277 518 1341 enim
545 1275 704 1341 obsorbuit
729 1277 809 1341 lotus
841 1275 981 1342 sermoni
1010 1275 1097 1341 illius
1123 1276 1222 1360 aptis-

126 1383 210 1448 sima
231 1390 281 1450 est
302 1383 357 1450 eir.
378 1385 419 1457 X,
434 1387 496 1449 223
518 1385 606 1449 utros
627 1384 786 1465 exorbeat
818 1391 851 1450 et
871 1383 957 1467 quod
979 1385 1113 1450 fortasse
1135 1383 1221 1465 quis-

125 1493 214 1577 piam
249 1500 392 1576 opponat
423 1494 573 1574 resupino
600 1494 708 1558 iaceas
735 1493 878 1559 redolere
911 1494 1050 1559 scribam
1080 1491 1222 1568 Ovidii1)

125 1621 270 1684 gnarum,
292 1601 366 1685 ipsa
389 1601 468 1668 haee
491 1602 627 1667 imitatio
642 1601 746 1684 magis
767 1603 799 1667 in
822 1608 964 1668 nostram
978 1609 1103 1686 partem
1126 1601 1221 1682 Iaeit3

125 1729 199 1773 nam
225 1716 425 1794 quantopere
454 1709 617 1775 Iuvenalis
640 1708 791 1776 Ovidium
822 1711 965 1775 imitatus
988 1711 1040 1788 sit,
1072 1731 1114 1774 ex
1146 1731 1222 1776 non-

126 1817 223 1882 nullis
245 1819 401 1903 exemplis
424 1838 615 1900 cognoscas:

275 1927 343 1993 Iuv.
364 1927 405 2008 II,
432 1928 491 1992 120
512 1948 597 1992 nouo
616 1932 717 2009 nupta
737 1929 847 1993 martti

276 2033 334 2101 Ov.
356 2035 422 2101 her.
444 2035 535 2115 XIII,
560 2037 619 2100 139
640 2057 725 2102 nouo
746 2043 846 2117 nupta
867 2038 981 2102 morito

277 2144 330 2221 IV,
354 2145 395 2208 74
412 2163 449 2226 sq
472 2144 507 2208 ia
529 2164 660 2226 omrem
680 2144 764 2225 faeie
858 2145 983 2210 sedebat

567 2253 679 2334 pallor

277 2367 348 2426 met.
371 2360 410 2441 II,
433 2361 493 2425 775
512 2361 620 2442 pallor
640 2362 676 2426 ln
697 2382 750 2428 ore
770 2362 854 2427 sedet

276 2471 313 2545 V,
337 2471 375 2534 61
397 2470 453 2535 sed
470 2469 576 2550 forma
597 2470 652 2535 sed
673 2475 760 2535 oetas

277 2586 347 2645 met.
370 2580 430 2661 III,
450 2579 510 2643 455
533 2599 588 2644 neo
610 2579 714 2660 formo
735 2599 791 2644 aee
813 2585 900 2645 aetas

276 2689 313 2771 V,
339 2689 397 2752 107
411 2687 564 2769 praebeat
586 2709 694 2754 aurem

276 2803 348 2863 met.
372 2796 443 2871 VII,
466 2796 526 2860 821
545 2796 693 2877 praebuit
714 2816 822 2862 aurem

277 2906 329 2988 VI,
353 2907 414 2969 306
435 2906 550 2971 iaaac
573 2910 602 2969 et
623 2905 732 2971 dubito

277 3034 328 3079 ars
353 3014 395 3091 II,
419 3015 479 3077 222
501 3014 514 3078 e'
535 3034 617 3079 uuae
640 3019 668 3078 et
689 3014 799 3080 uoltu

277 3123 347 3196 VII,
374 3122 432 3185 100
453 3120 619 3186 millesima
640 3123 766 3205 papiae
786 3125 889 3206 surqo‘t

277 3251 337 3295 am.
359 3231 385 3303 I,
410 3231 436 3308 1,
460 3229 498 3292 17
520 3230 760 3296 surrexit-noua
776 3232 901 3313 papiae

276 3338 317 3421 X,
342 3339 401 3401 201
424 3337 566 3419 notisque
586 3337 706 3418 sibique

278 3453 350 3512 met.
376 3445 434 3526 IX,
457 3446 518 3509 770
539 3449 691 3526 notaeque
712 3447 831 3529 sibique

278 3555 320 3636 X,
345 3555 405 3619 297
427 3573 473 3636 sq.
496 3574 576 3619 roro
597 3560 642 3619 est
661 3555 738 3620 odeo
759 3557 925 3622 concordio
944 3556 1066 3637 formae

426 3669 517 3745 atque
536 3663 710 3744 padicitiae

278 3772 343 3839 her.
367 3772 453 3850 XVI,
478 3773 539 3836 288
562 3771 605 3836 Iis
626 3777 670 3836 eet
691 3791 760 3837 eum
778 3773 884 3854 formo

425 3901 542 3963 mayao
558 3880 735 3961 pudicitiae

278 3990 336 4068 XI,
363 3990 422 4053 130
444 3990 498 4070 qui
518 4009 565 4053 me
585 3988 647 4052 stol·
668 3994 826 4070 comparet

229 4223 257 4292 1)
275 4226 340 4277 met.
358 4221 406 4285 IV,
425 4223 475 4276 121
495 4220 527 4288 V,
545 4222 581 4276 84
598 4221 661 4286 XII,
680 4222 734 4277 324
752 4221 803 4278 cfr.
822 4226 851 4278 et
870 4223 976 4280 anthol.
995 4224 1056 4295 253,
1076 4225 1127 4278 123
1145 4223 1178 4281 R.
1234 4242 1238 4248 ·
