2850 4898
690 348 725 402 55

258 516 324 584 Sed
347 519 380 583 in
401 518 549 584 versibus
569 502 660 601 'apud
682 520 909 602 grammaticos
933 520 1040 586 allatis
1069 521 1166 605 paulo
1189 521 1258 587 diu·

162 629 226 694 tius
259 626 451 693 versandum
483 633 542 693 est.
587 624 738 709 Omnesl)
771 629 867 708 enim,
902 634 1056 711 qnantum
1085 630 1164 713 scio,
1198 630 1260 695 viri

162 735 258 819 docti,
290 735 347 818 qui
369 734 410 800 de
441 735 492 801 his
526 737 717 801 sententiam
739 736 891 816 tulerunt,
923 739 1150 819 grammaticos
1182 758 1258 804 usos

162 863 234 912 csse
261 844 420 911 deteriore
448 841 594 910 codicum
624 845 730 910 classe
752 843 922 920 affirmant,
956 844 1041 928 quod
1064 867 1140 912 num
1172 853 1258 914 recte

162 954 205 1021 eit
226 953 357 1034 dictum,
382 952 569 1037 diligentius
592 954 821 1020 examinemus.

261 1061 470 1147 Respiciendi
492 1070 566 1129 sunt
587 1062 619 1127 in
639 1063 793 1128 Iuvenale
816 1063 992 1146 praecipue
1013 1063 1077 1131 duo
1099 1084 1257 1149 gramma·

162 1172 229 1256 tici,
251 1169 382 1238 Servius
404 1179 437 1237 et
457 1170 648 1238 Priscianus.

263 1280 474 1348 Consentiunt
488 1279 593 1348 Servii
615 1281 771 1347 lectiones
786 1301 858 1348 cum
873 1283 1060 1349 recensione
1076 1282 1259 1350 Pithoeana

163 1397 363 1474 repugnante
385 1390 488 1457 altera
519 1391 623 1457 classe
645 1390 726 1457 locis
748 1389 813 1457 his:
842 1391 867 1473 I,
890 1393 909 1454 2
933 1393 1022 1458 cordi
1030 1393 1056 1472 2)
1078 1391 1137 1475 ΙΙΙ,
1162 1393 1202 1457 79
1224 1394 1261 1458 to

162 1519 284 1566 summa
306 1499 366 1565 255
381 1519 505 1566 semaco
529 1499 591 1579 (sic
606 1501 735 1583 plurimi
751 1500 858 1577 codd.)
881 1501 952 1578 VII,
970 1502 1030 1566 100
1044 1501 1132 1568 nullo
1146 1503 1261 1585 quippe

162 1610 253 1677 modo
274 1610 334 1689 IX,
356 1611 396 1674 53
419 1615 535 1676 tractat
555 1609 630 1684 X‚2
652 1611 811 1676 dinoscere
832 1610 907 1686 XII,
932 1610 947 1674 1
971 1611 1093 1677 dedier
1116 1611 1158 1676 34
1175 1613 1261 1678 teeti·

69 1723 71 1727 ’
163 1719 228 1786 ccii
248 1717 337 1797 XIII,
359 1717 610 1800 efactaccma
631 1717 851 1799 (dividetur).

260 1827 342 1894 Huic
364 1828 535 1894 consensui
559 1847 738 1912 repugnare
760 1828 909 1895 videntur
930 1848 990 1895 sex
1011 1829 1083 1908 loci,
1106 1828 1162 1895 ubi
1186 1828 1259 1895 Ser-

162 1936 236 2003 vius
259 1956 280 2000 a
301 1934 327 1999 P
349 1933 514 2000 abhorret:
537 1934 595 2014 ΙΙΙ,
611 1934 672 1998 227
695 1934 888 2015 diffunditur
902 1933 956 2018 VI,
974 1935 1033 2000 120
1052 1940 1081 2000 ct
1098 1935 1157 2000 166
1175 1934 1261 2017 ferat

165 2045 228 2126 (sic
248 2065 289 2112 ex
308 2044 401 2111 libris
423 2044 504 2109 meis
526 2043 567 2124 L)
589 2041 661 2117 XII,
686 2043 725 2107 14
747 2064 767 2108 a
790 2043 828 2106 77
852 2048 1019 2110 occurrunt
1040 2044 1080 2109 92
1103 2049 1258 2125 operator.

265 2153 328 2220 Sed
361 2159 510 2236 quattuor
542 2153 621 2219 locis
656 2151 715 2233 ΙΙΙ,
742 2153 812 2231 227,
835 2151 906 2230 XII,
940 2152 988 2227 14,
1012 2153 1061 2235 77,
1083 2153 1133 2228 92,
1156 2152 1259 2219 ubiP
1398 2198 1403 2205 ,

163 2261 371 2348 neglegentia
387 2261 511 2328 scribae
531 2260 727 2327 deformatus
749 2263 801 2335 sit,
822 2260 905 2327 nihil
928 2262 1058 2344 probari
1080 2280 1173 2327 nemo
1194 2281 1259 2327 non

165 2371 263 2451 videt,
296 2391 402 2455 neque
422 2372 527 2454 magis
549 2372 659 2436 valent
685 2371 877 2437 mutationes
899 2370 1084 2437 lenIssimoe
1113 2375 1141 2436 ct
1162 2377 1261 2455 atque

160 2482 255 2565 ferat.
296 2480 410 2563 Itaque
432 2480 481 2544 illi
508 2479 572 2546 loci
599 2487 696 2545 antea
722 2479 822 2559 allati,
854 2479 1013 2564 imprimis
1036 2479 1094 2558 111,
1117 2480 1167 2562 79,
1190 2480 1260 2563 VII,

167 2591 236 2671 190,
261 2588 300 2663 Χ,
327 2590 357 2662 2,
388 2589 462 2667 XII,
487 2588 502 2652 1
538 2588 730 2672 gravissimo
763 2587 954 2654 documento
985 2596 1070 2668 sunt,
1105 2588 1261 2672 codicem,

165 2719 260 2783 quem
281 2697 467 2764 adhibuerit
481 2696 624 2776 Servius,
646 2698 839 2780 pertinuisse
860 2697 904 2763 ad
922 2697 1011 2763 illam
1030 2698 1259 2781 recensionem,

165 2807 256 2876 cuius
283 2807 449 2890 exemplar
478 2805 586 2873 fausta
611 2804 739 2873 fortuna
766 2808 799 2872 in
822 2807 999 2874 Pithocano
1026 2807 1120 2873 nobis
1153 2826 1260 2873 serva·

164 2922 310 2984 tumeat

260 3023 433 3090 Difficilior
464 3004 571 3090 autem
609 3031 659 3090 est
690 3023 777 3107 apud
804 3023 1006 3090 Priscianum
1043 3024 1261 3109 investigatio.

166 3133 353 3216 Congruunt
375 3133 470 3200 huius
491 3133 693 3217 grammatici
718 3133 867 3217 exempla
888 3154 961 3200 cum
982 3133 1008 3198 P
1030 3133 1110 3200 locis
1132 3132 1197 3200 his:
1218 3133 1261 3215 II,

165 3243 206 3307 93
228 3241 359 3308 tinctum
379 3241 434 3320 (II,
459 3242 527 3322 162,
552 3243 592 3307 13
607 3241 660 3324 Κ.)
682 3242 742 3325 ΙΙΙ,
764 3242 825 3306 319
847 3241 954 3308 reddet
967 3242 1039 3320 VII,
1058 3242 1117 3306 139
1132 3240 1262 3322 uidimus

165 3349 283 3434 elopcc'o
304 3349 389 3431 VIII,
419 3351 480 3414 225
494 3355 596 3416 'contu
617 3348 671 3431 IX,
707 3350 765 3415 141
785 3350 973 3434 procedens
993 3349 1032 3428 X,
1066 3350 1104 3415 61
1127 3349 1262 3416 strident

166 3459 225 3540 XI,
250 3460 309 3523 142
332 3479 447 3541 caprae
467 3458 556 3540 XIV,
579 3459 641 3523 293
657 3458 820 3539 poperiscc
841 3457 931 3534 XVI,
952 3457 1171 3524 decocuntur.

265 3568 469 3635 Deteriorum
507 3567 653 3634 codicum
685 3566 841 3633 lectiones
875 3565 1067 3632 auctoritate
1103 3564 1261 3634 Prisciani

168 3699 366 3708 ...--——

267 3762 292 3828 1)
310 3761 361 3818 cfr.
381 3761 463 3818 Jahn.
484 3761 548 3818 Ber.
568 3761 595 3815 d.
613 3761 700 3816 sicto.
719 3759 781 3816 Ges.
799 3759 848 3826 111,
868 3760 936 3816 1851
955 3777 1002 3831 pg.
1022 3760 1088 3830 3603
1106 3759 1173 3815 edit.
1192 3760 1260 3815 min.

165 3858 254 3930 praef.
272 3876 320 3930 pg.
337 3857 390 3913 vn
409 3875 460 3928 sq,
477 3858 555 3914 cuius
577 3858 746 3913 sententiam
769 3858 976 3928 amplectuntur
993 3855 1101 3912 Teuffel
1118 3856 1183 3912 hist.
1205 3857 1262 3912 litt.

167 3954 183 4025 ξ
205 3954 268 4016 331,
286 3954 312 4016 8,
336 3952 407 4009 Beer
425 3954 443 4007 l.
463 3954 481 4007 l.
500 3971 548 4025 pg.
566 3954 612 4022 40,
632 3953 689 4008 alii.

266 4051 293 4118 2)
312 4050 352 4106 sic
377 4050 413 4105 ad
430 4051 500 4105 Aen.
519 4051 552 4119 X,
571 4051 638 4119 693;
662 4049 737 4120 quod
762 4050 798 4104 ad
816 4052 886 4105 Aen.
904 4049 918 4103 I
937 4050 995 4120 (pg.
1013 4049 1031 4104 4
1053 4047 1117 4118 Th.)
1138 4047 1263 4104 traditur

167 4147 255 4216 codri,
274 4146 455 4208 demonstrat,
473 4163 559 4215 quam
573 4163 663 4216 prona
675 4146 799 4202 librariis
809 4144 896 4201 fuerit
907 4145 1035 4201 mutatio.
1058 4143 1169 4200 Servius
1187 4147 1263 4198 utro·

170 4261 225 4316 que
241 4244 303 4300 loco
323 4241 400 4299 cordi
412 4243 532 4314 legerat.
