2850 4898
679 356 714 412 53

151 527 372 610 interpolatae,
396 524 483 609 quod
506 545 546 591 ex
564 524 689 590 duabus
709 523 995 608 subscriptionibus
1019 527 1133 608 eluoet,
1156 532 1243 592 oerte

150 620 223 714 duo,
246 635 361 718 quibus
384 640 468 701 totus
491 641 527 699 ut
548 631 675 699 videtur
689 634 852 699 Iuvenalis
873 634 1106 713 continebatur,
1129 641 1244 718 postea

150 741 326 829 deperdita.
383 742 524 821 Quaerat
556 748 661 808 autem
695 742 866 826 quispiam,
903 763 959 808 our
992 742 1143 809 librarius
1179 763 1243 809 non

150 873 272 934 versus,
306 853 362 936 qui
382 859 455 937 post
475 851 558 933 XVI,
580 852 621 916 60
647 853 680 917 iu
713 852 776 918 illis
799 853 1056 936 inveniebantur,
1088 872 1147 919 suo
1168 872 1243 919 eou-

151 964 252 1029 textui
274 961 440 1028 adiecerit.
477 961 546 1027 Hoo
570 961 625 1044 qui
647 960 766 1026 fautum
789 961 832 1026 sit
850 960 923 1044 quis
946 960 1042 1028 hodie
1059 968 1145 1028 certo
1168 981 1244 1028 enu-

151 1073 256 1139 oleare
276 1069 399 1153 possit?
420 1069 572 1136 Fortasse
588 1070 696 1136 sariba
718 1069 804 1135 illius
821 1067 952 1148 oodiois,
976 1069 1017 1134 ad
1033 1089 1127 1153 quem
1143 1072 1244 1136 nostri

151 1178 227 1244 libri
249 1197 360 1243 omues
382 1169 528 1254 redeunt,
550 1178 613 1242 iam
635 1176 719 1242 alius
742 1176 910 1261 scriptoris
925 1176 1043 1243 veteris
1066 1197 1147 1262 opus
1169 1180 1244 1245 sub-

152 1288 308 1366 iunxerat,
332 1293 366 1351 ut
387 1285 501 1368 Persii,
524 1287 579 1369 qui
602 1285 636 1351 in
657 1285 816 1352 Vossiano
841 1286 880 1350 18
901 1286 1087 1352 Iuvenalem
1113 1288 1244 1371 exeipit,

151 1397 204 1462 vel
228 1395 325 1462 vitam
349 1395 523 1477 Iuvenalis,
545 1401 581 1461 ut
604 1396 637 1460 in
653 1395 721 1470 ΑΗ,
743 1402 799 1460 aut
817 1395 940 1478 aliquid
959 1416 1124 1478 nugarum,
1149 1397 1244 1479 quale

152 1504 299 1572 monaehi
320 1504 441 1571 addere
468 1511 585 1580 amant,
616 1506 725 1570 autin
748 1503 859 1571 oodioe
888 1505 952 1570 iam
974 1506 1167 1588 tegumentis
1195 1525 1246 1570 or·

152 1621 228 1681 nato
250 1635 314 1680 uon
336 1613 416 1680 satis
437 1614 534 1699 spatii
557 1599 704 1680 relietum
727 1623 805 1695 erat,
828 1620 884 1679 aut
903 1614 989 1696 quod
1011 1616 1043 1679 in
1067 1634 1127 1680 sua
1148 1634 1243 1681 mem-

153 1722 253 1788 brana
280 1741 343 1788 nou
372 1721 540 1788 invenerat
561 1722 669 1788 sariba
694 1741 735 1787 ex
762 1705 826 1787 alio
856 1722 1033 1806 exemplari
1060 1720 1245 1812 adscribere

152 1832 333 1907 verebatur,
356 1838 412 1898 aut
434 1831 501 1916 alia
522 1832 637 1896 omnia.
