2850 4898
732 359 768 414 52

298 527 516 595 Membranam
537 527 620 594 bano
644 525 714 595 'iam
737 549 821 594 nono
849 530 977 595 saeculo
1005 537 1171 596 exaratam
1194 529 1296 597 fuisse

200 643 286 704 rcote
302 638 383 704 Beer
405 637 565 712 delinivit;
588 659 663 704 nam
679 638 891 705 Pitboeanum
910 645 978 704 tum
994 660 1057 705 non
1080 660 1210 706 manum
1226 660 1294 706 cor·

200 748 342 828 rectoris,
378 748 412 813 id
443 747 530 831 quod
558 768 644 815 saec.
676 748 718 814 X.
750 748 868 815 factum
903 756 960 832 est,
993 756 1162 834 expertum
1192 750 1295 817 fuisse

200 855 436 923 demonstratur
464 857 666 939 lectionibus,
704 857 819 939 quibus
853 857 1006 924 differunt
1038 858 1113 925 libri
1146 879 1167 923 a
1198 880 1296 926 manu

199 966 301 1031 altera
323 966 410 1032 illius
433 973 468 1032 ut
491 966 516 1046 Ι,
537 969 596 1032 156
617 972 742 1049 pubere
763 988 784 1050 p
802 1003 836 1012 -
851 973 979 1048 pectore
993 967 1090 1043 PAM,
1113 968 1154 1051 II,
1169 970 1209 1034 31
1232 969 1297 1050 ipsi
1326 1001 1328 1007 ·

201 1075 372 1157 p-ipsis
390 1073 457 1155 ΡΟ,
478 1075 536 1155 ΙΙΙ,
551 1077 593 1142 80
614 1075 734 1141 achivis
757 1095 833 1158 p·-
848 1075 970 1141 alberiis
992 1074 1055 1158 ΡΟ,
1078 1077 1130 1156 VI,
1148 1078 1188 1142 52
1211 1083 1297 1143 necte

199 1201 276 1266 p-
291 1184 381 1248 teredo
402 1165 465 1260 Pb,
488 1184 549 1248 527
572 1183 735 1265 calidoque
762 1204 839 1267 p-
854 1184 1034 1267 solidosque
1054 1184 1118 1267 ΡΟ,
1142 1186 1212 1265 Vll,
1234 1188 1295 1250 105

199 1297 243 1356 est
265 1312 286 1375 p
305 1328 339 1336 —
357 1313 419 1358 om.
442 1291 506 1370 ΡΟ,
528 1293 597 1369 XV,
622 1293 664 1357 44
685 1292 808 1358 terete
829 1312 851 1375 p
870 1329 906 1337 -
923 1292 1053 1359 horrido
1074 1293 1138 1374 ΡΟ,
1162 1301 1222 1361 etc.

299 1401 470 1467 Praeterea
489 1401 695 1467 inveniuntur
717 1402 889 1468 nonnullae
905 1401 1068 1468 Iuvenalis
1091 1402 1295 1469 membranae

199 1509 314 1576 classis
336 1517 506 1594 corruptae
530 1530 614 1577 saec.
637 1511 685 1575 IX
708 1510 891 1594 scriptaell.

186 1670 189 1675 .
297 1620 356 1685 Ille
377 1620 475 1704 igitur
493 1619 583 1697 liber,
606 1621 661 1702 qui
684 1639 725 1685 ex
746 1620 817 1703 ipso
831 1618 1008 1685 Pithoeano
1031 1619 1211 1705 descriptus
1234 1626 1296 1704 cst,

201 1731 303 1811 primo
335 1750 444 1795 reram
476 1727 646 1795 Pitboeani
680 1728 853 1812 imaginem
885 1729 1025 1812 effinxit,
1058 1731 1155 1814 paulo
1187 1737 1296 1797 autem

199 1843 273 1921 post
287 1837 440 1904 lectiones
454 1838 586 1904 alterius
603 1838 717 1905 classis
741 1837 888 1904 invectae
903 1845 977 1904 sunt
999 1840 1115 1922 partim
1139 1838 1172 1904 in
1188 1838 1294 1924 ipsum

200 1952 323 2013 textum
352 1966 446 2013 eraso
477 1947 619 2030 genuina
647 1946 807 2031 scriptura
828 1945 944 2030 partim
978 1948 1216 2031 superscriptae
1247 1949 1295 2012 in·

200 2057 295 2123 ducto
323 2063 447 2123 tantum
475 2057 573 2122 verbo
601 2057 790 2140 germanob.
834 2057 1012 2140 sequentes
1035 2065 1143 2123 autom
1167 2058 1295 2123 scribae
1323 2142 1325 2147 Ι

199 2165 257 2232 bas
281 2166 435 2233 lectiones
458 2172 552 2250 prout
578 2166 693 2248 cuique
717 2165 905 2232 arridebant
925 2173 981 2232 aut
1002 2167 1111 2232 oculos
1133 2167 1294 2246 tenebant,

199 2277 271 2359 plus
295 2276 400 2342 minus
422 2277 454 2340 in
478 2282 600 2341 textum
623 2284 821 2358 receperunt.
1032 2262 1036 2269 ¹

295 2384 389 2451 Nono
422 2403 499 2468 ergo
532 2385 661 2450 saeculo
694 2385 884 2450 exstiterunt
916 2385 1063 2468 exempla
1097 2383 1292 2451 recensionis

298 2579 326 2647 Ι)
345 2577 395 2633 cir.
414 2579 485 2633 Beer
503 2579 521 2632 l.
542 2578 560 2631 l.
579 2595 626 2649 pg.
646 2577 689 2631 49.

197 2673 298 2729 Eidem
325 2675 433 2729 saeculo
462 2674 595 2728 attribuit
621 2674 665 2727 W.
688 2673 819 2728 Foerster
848 2673 988 2742 (Zeitoobr.
1018 2672 1040 2740 f.
1069 2677 1163 2728 deteri.
1194 2673 1311 2744 Gymes

199 2771 333 2840 XXVII,
351 2774 424 2826 1876
440 2787 487 2841 pp.
506 2775 562 2827 258
579 2771 646 2840 sqq.)
664 2775 774 2839 purtem
792 2769 895 2824 codicis
916 2769 1002 2824 Paris.
1023 2771 1101 2833 7006,
1126 2788 1197 2839 quae
1215 2770 1295 2825 Iure-

197 2867 288 2921 nalem
307 2870 423 2936 spectet,
444 2866 538 2935 ibique
556 2866 661 2934 publici
680 2866 748 2920 iuris
766 2858 839 2920 fecii.
876 2866 971 2920 Etiam
989 2865 1034 2920 hio
1052 2866 1124 2921 liber
1143 2867 1292 2937 permultis

117 2986 120 2991 ’
197 2963 264 3017 locis
282 2981 345 3018 oum
365 2962 387 3016 P
406 2963 556 3032 conspirat,
574 2969 607 3017 ut
624 2963 672 3030 IV,
691 2964 733 3031 13,
752 2963 795 3026 85,
816 2963 876 3024 127,
895 2962 928 3024 V,
949 2964 992 3031 10,
1010 2962 1058 3032 VI,
1076 2964 1217 3030 103137,
1230 2963 1292 3032 479,

197 3058 259 3125 400,
277 3057 417 3128 5531711,
435 3058 478 3126 25,
499 3059 637 3127 123139,
658 3059 708 3113 157
728 3057 845 3127 (uelint),
864 3058 1018 3126 21417111.
1038 3060 1054 3112 7
1072 3076 1128 3113 non
1147 3075 1210 3121 om,
1230 3059 1266 3112 al.
1366 3054 1369 3060 ’

296 3157 357 3210 Ηοο
379 3156 439 3224 ipso
465 3157 574 3210 saeculo
602 3156 743 3225 exemplar
771 3160 928 3210 saturarum
954 3155 983 3209 iu
1006 3155 1169 3224 Hispaniam
1197 3173 1306 3223 recum⁴

195 3257 322 3322 portasse
333 3252 484 3322 Eulogium
503 3269 546 3306 me
564 3252 673 3306 monuit
686 3252 851 3320 Buecheler3
871 3251 920 3306 cir.
934 3252 1070 3305 Albanum
1086 3252 1187 3323 Eulog.
1201 3253 1252 3307 vit.
1266 3255 1292 3323 3,

198 3349 215 3402 9
234 3353 350 3418 (poetar.
369 3350 416 3404 lai.
436 3348 521 3403 medii
540 3348 601 3402 aeri
621 3347 669 3416 ΙΙΙ,
690 3349 750 3416 lp.
771 3347 846 3415 124);
876 3347 1022 3417 Euiopioc]
1047 3346 1078 3402 iri
1102 3349 1294 3416 Pompilorreu-

196 3445 268 3498 siem
285 3445 428 3500 territorio
444 3446 516 3500 ultro
531 3445 711 3517 propreeiieos
727 3443 920 3499 monasteriem
939 3444 1028 3498 coorti
1041 3445 1173 3500 Zooeorie
1190 3445 1294 3515 inpres-

197 3557 243 3596 sos
269 3547 294 3597 et
318 3543 434 3598 oliorum
459 3543 571 3598 cenobio
591 3543 715 3611 ipsorum
737 3541 902 3610 cepionem.
924 3583 929 3594 .
951 3535 1134 3609 percurreres
1154 3583 1160 3596 .
1181 3583 1187 3596 .
1207 3583 1213 3596 .
1231 3542 1296 3598 inde

197 3654 283 3693 secem
309 3640 405 3693 librum
429 3640 549 3694 ciuitatis
575 3637 722 3693 beatissimi
741 3637 892 3707 depositori
917 3643 942 3692 et
960 3637 1081 3692 Bneidos
1106 3637 1218 3708 Verpilii
1237 3639 1295 3695 sice

197 3734 337 3790 Iubenoiis
358 3736 480 3791 metricos
495 3735 590 3790 itidem
608 3736 692 3789 libros
710 3739 793 3803 etque
806 3732 897 3789 Oratii
909 3733 1007 3788 Flacci
1024 3739 1152 3788 saturato
1167 3740 1295 3803 poemata

195 3846 242 3885 seo
263 3832 379 3900 Portrii
404 3832 530 3901 depictio
556 3831 689 3902 opusculo
716 3830 766 3886 uei·
785 3830 934 3885 Adbeleimi
961 3832 1185 3900 epiprommatum
1211 3847 1295 3900 opero

196 3944 245 3983 oreo
263 3946 317 3983 nori
336 3930 435 3984 Abieni
451 3929 542 3997 fobeto
561 3929 669 3984 metrice
688 3969 694 3982 .
716 3969 721 3981 .
743 3970 748 3982 .
771 3927 921 3996 reportavit
941 3927 1111 3994 (Cordubam
1130 3943 1203 3981 anno
1221 3927 1295 3994 848).

295 4026 323 4092 2)
343 4025 388 4091 Vl,
406 4025 458 4079 635
477 4025 525 4078 ubi
544 4024 569 4078 H
587 4024 713 4079 exhibet:
743 4022 870 4104 Q
888 4022 988 4091 eprecoi
1011 4027 1036 4076 et
1058 4021 1139 4089 finem
1162 4023 1295 4092 leuemque

197 4131 226 4185 in
244 4130 397 4240 archetypeot
409 4133 583 4250 ffitacrum
601 4128 680 4184 codd.
706 4129 775 4184 dett.
804 4127 941 4182 exstitisse
962 4126 1073 4181 videtur
1096 4126 1136 4181 sic
1160 4127 1235 4182 fere:
1266 4135 1293 4200 et

194 4253 277 4338 [iiim
294 4253 400 4323 rorensi,
421 4254 559 4323 tepensque.
