2850 4898
690 336 725 393 64

164 499 252 581 apud
278 498 420 568 Seruium
448 503 634 586 capistrum
660 509 787 569 saturas
811 502 920 586 leperit
946 503 1042 570 alius·
1056 504 1259 587 grammatici

163 629 263 694 opera
283 631 346 676 non
376 611 510 678 abusum
533 632 617 690 esse3
650 613 857 696 quamobrem
882 612 1089 696 Epicarpinm
1118 620 1151 679 et
1173 613 1258 678 lixu-

163 719 344 802 perantium
365 719 489 787 Nicaeo
516 721 714 804 aliquantulo
737 721 904 787 inferiores
934 729 1051 806 putem.
1094 722 1136 787 Hi
1161 724 1259 806 igitur

163 834 219 893 aut
242 828 357 894 Nicaei
381 831 554 914 exemplar,
576 829 645 896 sive
661 850 742 913 opus
764 828 935 897 videbatur
952 830 1021 896 sive
1037 831 1168 911 libebat,
1191 852 1259 897 mu·

163 942 309 1002 taverunt
340 945 396 1003 aut
434 939 632 1005 recensionis
668 938 866 1005 Pithoeanae
902 947 1015 1006 testem
1047 959 1087 1005 ex
1124 941 1258 1007 alterius

163 1047 276 1113 classis
297 1056 500 1113 monumento
523 1055 737 1114 correxerunt
775 1048 894 1113 Eodem
912 1068 989 1134 ergo
1008 1055 1084 1115 tunc
1106 1047 1140 1113 hi
1163 1050 1258 1115 modo

164 1164 307 1238 egerunt,
341 1176 404 1239 quo
428 1157 622 1240 subscriptio
654 1157 712 1223 illa
731 1158 929 1240 notissima1)
962 1159 994 1223 in
1028 1157 1258 1243 prophetarum

163 1263 275 1330 codice
297 1263 544 1332 claromontano
567 1256 702 1333 testatur
721 1287 762 1332 ex
777 1264 923 1349 Originis
943 1268 1120 1350 exemplari
1138 1266 1257 1332 fecisse

163 1371 366 1457 Pamphilum
398 1373 645 1458 Eusebinmqne,
679 1395 720 1440 ex
750 1374 801 1441 bis
827 1374 1073 1459 Apollinarium,
1104 1381 1160 1441 aut
1194 1393 1257 1457 quo

164 1481 314 1548 Caesaris
346 1484 590 1549 commentarios
624 1489 698 1567 post
724 1483 851 1550 Celsum
884 1486 1045 1550 recensuit
1077 1484 1257 1568 Lupicinus

164 1598 221 1656 aut
240 1588 390 1657 Statilius
415 1590 575 1656 Maximus
598 1590 785 1658 Ciceronem
813 1590 997 1658 emendavit
1018 1591 1071 1675 ‚ad
1094 1593 1256 1676 'Pyronem

165 1705 197 1765 et
218 1698 461 1765 Laetanianum‘
484 1700 587 1780 etc.2).

263 1808 333 1874 Hoc
359 1806 445 1890 quod
474 1808 614 1874 secundo
641 1809 712 1876 loco
743 1810 847 1894 posui,
879 1809 999 1875 factum
1023 1828 1095 1876 esse
1121 1810 1258 1876 fortasse

132 1905 135 1908 ’
164 1918 262 1984 verba
289 1916 384 1983 huius
413 1917 657 2000 subscriptionis
687 1917 812 1986 docent.
855 1919 970 1984 Munus
999 1917 1192 1984 emendandi
1215 1920 1259 1985 ita

164 2026 248 2092 inter
270 2026 479 2111 Ilpicarpium
502 2033 533 2092 et
552 2026 805 2110 Exuperantium
821 2026 1025 2093 distributum
1047 2025 1150 2093 fnisse
1171 2025 1259 2093 vide·

144 2141 225 2211 tur,
259 2141 293 2200 ut
319 2135 374 2201 ille
401 2135 544 2201 codicem
567 2136 682 2202 Nicaei
714 2144 825 2201 contra
857 2134 1021 2219 legeret⁸)‚
1056 2134 1110 2201 bic
1141 2142 1257 2202 testem

165 2244 310 2326 germani
332 2243 495 2310 luvenalis
518 2263 618 2309 exeo
641 2244 834 2310 emendaret.
1182 2319 1185 2324 ¹

263 2352 330 2419 Sed
345 2354 409 2417 iam
425 2353 616 2419 conantibus
638 2354 809 2432 extricare,
831 2372 912 2436 quas
927 2353 1119 2419 mutationes
1134 2352 1166 2418 N
1168 2353 1259 2419 icaeo

165 2482 246 2545 quas
278 2462 451 2547 Epicarpio
482 2463 689 2548 imputemus,
722 2463 864 2528 maxima
897 2463 1040 2528 exoritur
1072 2462 1258 2546 difficultas,

165 2591 260 2654 quam
293 2578 327 2637 ut
358 2591 509 2654 superare
539 2573 698 2656 possimus
730 2591 852 2637 vereor.
895 2572 978 2638 Nam
1010 2577 1128 2638 temere
1161 2580 1259 2655 atque

166 2699 383 2764 praepropere
410 2680 577 2757 indicaret,
611 2679 638 2746 si
668 2681 739 2763 qnis
768 2686 896 2763 putaret
924 2681 1134 2767 llpicarpium
1167 2682 1258 2760 locis,

266 2884 292 2951 1)
310 2881 360 2936 cfr.
380 2881 438 2936 Jos.
458 2880 554 2950 Cozza,
572 2881 639 2935 bibl.
659 2898 728 2936 sacr.
747 2885 803 2936 vet.
822 2881 922 2952 fragm.
942 2899 969 2951 p.
988 2881 1104 2937 XXXIV
1123 2900 1163 2952 sq.
1196 2931 1205 2940 ,a

265 2980 292 3048 2)
312 2978 361 3034 cfr.
381 2978 463 3039 Jahn.
483 2979 546 3034 Ber.
566 2979 614 3033 der
630 2979 716 3033 sd'cba
736 2978 796 3034 Ges.
815 2979 863 3034 der
882 2979 965 3034 Wisa
978 2978 1027 3048 ΙΙΙ,
1047 2979 1115 3033 1851
1134 2996 1183 3050 pg.
1196 2980 1259 3049 359,

165 3079 227 3146 329,
244 3078 306 3145 335,
324 3077 385 3131 354.

265 3175 293 3243 3)
312 3172 362 3227 cfr.
379 3172 454 3226 Jahn
481 3172 499 3226 l.
517 3171 537 3225 l.
555 3189 601 3241 pg.
621 3171 672 3226 351
702 3176 797 3226 eontra
824 3173 923 3241 lepente
949 3173 1080 3228 Deutert'o
1104 3173 1260 3228 scholastico

166 3270 313 3339 discipulo5
332 3287 379 3340 pg.
398 3269 451 3324 353
469 3268 762 3338 consecutemopistro
779 3267 878 3323 Felice.

265 3367 298 3420 ln
316 3366 517 3436 subscriptione
536 3366 625 3420 altera
642 3366 724 3420 valde
741 3383 785 3419 me
804 3364 920 3419 offendit
933 3364 1153 3420 additamentum
1172 3381 1259 3422 seruo

167 3464 273 3518 Nomen
297 3464 491 3533 Exuperantii,
518 3480 616 3532 perse
639 3480 721 3516 sonus
743 3461 827 3530 pleni,
856 3461 952 3516 eedem
980 3465 1071 3516 aetate
1098 3461 1259 3516 hominibus

167 3562 315 3630 nobilibus,
341 3562 435 3630 quales
454 3564 520 3615 sunt
542 3559 662 3629 episcopi
682 3563 710 3613 et
732 3557 891 3628 praefectus
909 3558 1097 3625 Aremoricae,
1125 3561 1153 3611 et
1171 3559 1260 3613 servis

167 3658 288 3713 inditum
304 3675 362 3713 esse
380 3663 412 3712 ut
432 3657 541 3712 credam
555 3673 570 3711 a
585 3674 629 3711 me
648 3656 799 3725 impetrare
811 3671 926 3722 nequeo.
952 3655 1056 3709 Contra
1068 3654 1260 3724 Epicarpium,

166 3756 307 3810 hominem
324 3754 444 3810 nominis
464 3754 564 3822 graeci,
583 3770 684 3823 genere
703 3752 795 3806 minus
813 3751 902 3805 nobili
920 3750 1004 3805 fnisse
1022 3755 1127 3820 putem.
1160 3751 1260 3821 Itaque

166 3854 195 3907 in
214 3851 415 3922 subscriptione
434 3850 490 3919 legi
502 3851 583 3905 velim
603 3854 663 3903 aut:
683 3849 817 3903 scribente
830 3848 1007 3916 exuperantio
1018 3848 1112 3901 amato
1132 3853 1182 3901 aut
1195 3847 1261 3902 scri·

167 3949 254 4004 beatis
277 3948 453 4016 exuperantii
475 3962 561 4002 screto.
597 3945 813 4015 Exuperantius,
841 3945 982 3998 Romanus
1002 3945 1126 4015 illustris,
1154 3946 1260 4000 auxilio

166 4046 286 4101 hominis
311 4044 386 4099 docti
406 4062 471 4098 usus
490 4044 572 4113 (sieut
591 4041 769 4111 Symmachus
787 4040 969 4111 Macrobium,
998 4041 1151 4096 Mavortius
1169 4043 1260 4112 magi·

167 4153 255 4203 strum
273 4145 394 4200 Felicem
413 4143 531 4199 adscivit
549 4143 599 4198 eir.
617 4143 692 4198 Jahn
709 4144 729 4197 l.
747 4143 765 4196 l.
784 4159 830 4212 pg.
850 4142 902 4196 347
921 4146 950 4196 et
968 4142 1033 4213 353)
1051 4147 1160 4198 textum
1179 4145 1259 4200 Iuve-

167 4245 237 4300 nalis
256 4243 366 4297 insertis
386 4242 500 4296 alterius
518 4241 686 4296 recensionis
704 4241 868 4297 lectionibus
887 4240 1073 4310 ,emendavit‘.
