2850 4898
689 366 723 422 51

162 528 353 615 scriptiones
376 528 577 597 laurentiani
605 541 637 599 et
658 532 883 618 Lugdunensis
914 534 1040 613 docent,
1075 537 1254 622 exemplari
1325 605 1327 610 .

162 647 339 714 manarunt,
361 642 535 707 secundum
550 642 575 706 P
597 643 731 708 correcti
753 650 827 709 sunt
842 651 897 710 aut
918 645 1053 711 redeunt
1068 646 1111 711 ad
1125 646 1252 731 librum,

162 751 213 816 cui
236 749 396 833 descripto
418 770 459 816 ex
480 750 506 815 P
533 752 741 834 interpolator
762 753 879 835 aliquis
901 755 1055 820 lectiones
1078 755 1254 822 deteriores

162 859 305 924 obtrusit.
351 859 492 925 Priorem
515 879 573 951 nos
600 860 691 942 sequi
714 862 903 927 sententiam
926 869 1039 928 vetant
1060 864 1178 929 menda
1203 885 1254 930 ca·

161 969 248 1050 lami,
280 986 364 1049 quae
386 967 505 1032 cumP
538 968 719 1032 communia
746 957 874 1035 exstant
907 970 939 1034 in
967 969 1060 1035 libris
1089 970 1169 1036 meis
1199 978 1256 1036 aut

163 1076 322 1142 universis
330 1075 354 1157 1)
384 1081 440 1141 aut
464 1076 611 1159 singulis.
654 1077 737 1142 Nam
761 1077 924 1143 librarium
949 1079 1095 1160 quamvis
1123 1080 1253 1144 stultum

64 1272 66 1277 Ι
161 1184 273 1268 lingere
292 1205 356 1250 non
370 1185 484 1274 potuit,
507 1184 535 1250 si
558 1184 699 1249 codicem
721 1184 835 1250 classis
850 1184 1048 1268 depravatae
1063 1189 1255 1253 correxisset

163 1313 204 1360 ex
226 1294 261 1372 P,
296 1292 390 1357 huius
412 1292 487 1357 libri
515 1291 767 1374 discrepantiam
794 1293 984 1376 saepissime
1007 1295 1077 1359 sola
1106 1295 1255 1361 socordia

162 1403 290 1468 scribae
313 1409 414 1467 ortam
436 1421 516 1479 osse,
546 1400 734 1484 praesertim
756 1402 784 1467 si
809 1420 873 1484 qua
901 1403 933 1466 in
956 1401 1016 1468 hoo
1045 1404 1145 1469 verba
1166 1405 1254 1470 omit·

163 1517 280 1578 tuntur.
324 1511 369 1576 Ut
389 1511 571 1595 exemplum
593 1510 738 1576 afferam:
763 1511 833 1593 Vll,
859 1512 919 1575 217
943 1511 971 1577 si
993 1511 1101 1578 scriba
1124 1511 1255 1596 codicis,

162 1641 204 1686 ex
227 1640 290 1703 quo
316 1622 344 1685 A
375 1617 478 1697 duxit,
511 1628 597 1686 recte
625 1640 666 1685 ex
698 1619 808 1686 codice
840 1619 999 1687 deteriore
1030 1619 1256 1704 descripsisset

162 1731 267 1796 minus
282 1735 327 1795 est
341 1735 444 1795 ostem
465 1749 558 1811 quom
578 1729 711 1794 rhetoris
734 1751 817 1804 aera
842 1730 960 1796 deinde
981 1731 1013 1795 in
1033 1730 1059 1794 P
1081 1731 1256 1797 invenisset

163 1844 267 1904 aorem
288 1837 451 1922 omissum,
483 1838 620 1921 cogitari
647 1856 710 1903 non
736 1844 843 1922 potest
872 1840 1013 1905 illumin
1044 1858 1102 1904 suo
1127 1858 1255 1922 quoque

164 1954 315 2013 contextu
343 1947 521 2013 deleturum
552 1946 653 2013 fuisse
683 1946 743 2012 hoc
765 1952 875 2025 autem,
904 1967 967 2030 quc
998 1947 1125 2014 sublato
1147 1949 1255 2015 versui

164 2075 221 2139 pes
244 2056 380 2122 deesset.
425 2054 489 2122 Sed
510 2075 582 2121 cum
599 2075 726 2121 versum
749 2063 899 2122 accurate
922 2075 962 2122 ex
981 2058 1006 2121 P
1027 2057 1191 2141 depictum
1214 2077 1255 2124 ex

162 2166 297 2232 alterius
329 2166 443 2231 classis
469 2171 673 2231 monumento
702 2165 852 2231 librarius
883 2167 1067 2251 corrigeret,
1101 2166 1254 2233 hocloco

162 2274 257 2339 nimis
279 2273 444 2339 festinanti
466 2293 573 2357 penna
594 2279 696 2338 autem
718 2274 830 2339 deesse
853 2294 916 2339 non
938 2274 1173 2341 animadvertit.
1214 2275 1256 2340 Et

162 2383 211 2448 sic
234 2379 373 2468 saepius.
418 2381 503 2461 Quin
529 2383 625 2448 etiam
648 2383 720 2447 aliis
743 2382 823 2447 locis
845 2382 1011 2447 librarium
1034 2404 1096 2449 non
1122 2383 1256 2450 fallebat

164 2492 270 2557 versui
299 2492 413 2558 deesse
438 2491 545 2570 verba,
580 2491 688 2572 itaque
710 2490 768 2573 IX,
790 2492 831 2555 82
858 2491 1067 2576 procellam,
1100 2492 1188 2574 quod
1221 2493 1255 2557 in

162 2601 190 2665 P
216 2602 367 2667 omissum
390 2607 475 2666 recte
504 2601 659 2685 praebent
690 2602 788 2666 ceteri
821 2599 959 2675 codices,
993 2600 1098 2666 scriba
1128 2600 1254 2666 libriA

163 2729 227 2798 nqn
249 2711 333 2776 male
355 2710 476 2777 adiecit
496 2731 602 2775 auore.

261 2819 347 2885 Huic
365 2826 554 2902 argumento
576 2819 604 2884 si
626 2818 814 2884 adiunxeris
837 2818 921 2901 quod
937 2817 1018 2884 Beer
1039 2827 1132 2885 acute
1154 2819 1255 2903 expli·

163 2928 276 3011 cavit2)
304 2931 337 2995 in
358 2930 446 2996 nullo
478 2929 640 2995 luvenalis
668 2929 751 2994 libro
781 2929 998 3012 manuscripto
1031 2930 1103 3013 plus
1132 2935 1255 2994 satura·

163 3059 233 3104 rum
255 3045 417 3104 servatum
439 3057 521 3117 esse,
551 3057 646 3121 quam
668 3038 701 3102 in
724 3037 901 3103 Pithceano
925 3044 997 3122 post
1018 3036 1103 3119 XVI,
1126 3038 1176 3120 60,
1201 3037 1256 3119 qui

163 3167 276 3214 versus
307 3149 503 3215 novissimus
536 3148 641 3212 ultimi
674 3146 892 3228 quaternionis
922 3153 1082 3212 extremae
1114 3147 1255 3230 paginae

163 3258 283 3325 lineam
320 3258 465 3323 ultimam
503 3258 633 3340 expleat
673 3255 794 3322 omissa
830 3256 1066 3341 subscriptione
1098 3255 1256 3333 sollemni,

163 3372 276 3451 aperte
298 3365 485 3450 mutilatoll,
515 3365 595 3431 nulli
618 3365 683 3430 iam
706 3364 837 3431 dubium
859 3363 927 3429 fore
950 3371 1036 3449 puto,
1068 3365 1145 3446 quin
1167 3364 1254 3429 idem

164 3481 249 3543 recte
273 3474 466 3542 iudicaverit
485 3474 613 3541 codices
637 3475 812 3541 deteriores
838 3494 878 3539 ex
900 3474 926 3538 P
949 3493 1096 3539 manasse
1120 3474 1254 3539 interce-

164 3585 260 3653 dente
285 3586 393 3667 aliquo
414 3591 520 3670 ponte,
554 3604 728 3669 perquem
750 3583 905 3650 lectiones
935 3583 1145 3666 interpolatae
1168 3582 1254 3647 inru-

162 3696 279 3780 perint.

264 3975 289 4040 1)
308 3973 372 4029 vide
390 3991 475 4042 supra
492 3991 540 4045 pg.
559 3973 603 4028 46.

263 4071 292 4140 2)
310 4070 328 4124 l.
347 4070 366 4125 1.
384 4088 432 4141 pg.
449 4071 485 4125 47
505 4087 564 4140 sqq.
1192 4153 1195 4160 Ι

262 4167 292 4237 3)
311 4166 385 4236 quod
404 4165 477 4222 obici
494 4170 587 4235 potest
604 4167 632 4219 in
646 4165 797 4235 archetypo
815 4165 871 4219 iam
885 4165 1022 4220 exstitisse
1035 4181 1103 4233 opus
1116 4181 1254 4221 mancum.

163 4264 223 4335 ipse
241 4261 345 4318 refellit
362 4279 409 4334 pg.
427 4263 471 4318 47.
