2850 4898
225 1183 348 1262 tluibus
369 1184 477 1252 causis
500 1185 719 1273 interpolator
740 1185 776 1253 in
796 1183 939 1269 singulis
961 1181 1198 1251 mutationibus

582 1295 758 1363 commotus
784 1294 838 1361 sit.

265 1500 408 1580 Quodsi
439 1501 501 1565 iam
529 1501 671 1567 conabor
696 1499 870 1566 varietates
896 1499 1043 1565 codicum
1063 1498 1260 1566 deteriorum

165 1611 325 1677 incertas
357 1612 478 1676 classes
506 1609 707 1692 distribuere,
740 1609 960 1692 quaestionem
985 1629 1049 1674 uon
1075 1609 1181 1675 levem
1207 1630 1259 1676 me

164 1725 320 1803 temptare
346 1740 410 1784 nou
439 1721 569 1802 ignor03
606 1740 678 1784 nam
702 1718 817 1801 quibus
840 1717 947 1783 canals
974 1715 1132 1785 adductus
1163 1716 1260 1784 inter-

166 1827 293 1909 polator
325 1827 479 1893 lectiones
511 1827 669 1912 genuinas
694 1827 876 1899 mutaverit,
908 1831 981 1910 post
1003 1826 1260 1909 quattuordecim

166 1936 296 2001 saecula
322 1942 471 2002 accurate
498 1956 537 2002 ae
565 1941 650 2002 recte
677 1936 845 2019 explorare
873 1955 988 2002 munus
1016 1936 1172 2001 incertum
1201 1942 1266 2018 est„

165 2045 355 2128 praesertim
380 2066 451 2111 eum
467 2045 557 2110 libris
580 2044 675 2112 huius
698 2045 895 2111 recensionis
910 2044 1058 2110 manibus
1080 2045 1260 2112 scribarum

165 2153 363 2220 indoctorum
386 2161 418 2221 et
447 2156 686 2239 neglegentium
720 2155 909 2221 deformatis
938 2174 1001 2219 nou
1036 2154 1150 2238 paucis
1179 2155 1260 2221 locIs

165 2264 308 2347 ambigui
341 2264 546 2345 haereamus,
580 2271 685 2330 utrum
715 2263 936 2329 diversitatem
969 2261 1012 2327 ad
1045 2263 1261 2347 corruptelam

166 2371 291 2438 librarii
312 2373 473 2439 fortuitam
496 2394 537 2439 au
560 2373 603 2438 ad
620 2373 820 2456 grammatici
844 2372 1119 2455 interpolationem
1141 2371 1261 2439 delibe-

166 2487 269 2546 ratam
290 2482 476 2548 referamus.
518 2482 669 2548 Attamen
691 2481 873 2564 ubicunque
900 2488 1019 2547 certam
1040 2501 1171 2547 causam
1193 2503 1261 2549 mu·

166 2589 298 2655 tationis
321 2591 512 2673 cognovisse
534 2590 614 2655 mihi
637 2588 759 2668 videor,
782 2589 836 2654 hic
857 2609 1045 2673 proponam.

267 2699 373 2781 Atque
395 2707 430 2765 ut
452 2720 472 2764 a
493 2719 527 2765 re
549 2699 707 2765 facillima
728 2699 889 2783 iueipiam,
919 2700 1021 2784 primo
1045 2699 1115 2764 loco
1138 2697 1263 2764 discre-

167 2808 306 2891 pantiae,
336 2827 416 2890 quas
440 2808 588 2890 equidem
611 2808 791 2874 scribarum
812 2807 955 2886 arbitrio,
985 2807 1080 2890 quam
1102 2828 1263 2891 gramma·

167 2920 229 2982 tico
250 2917 418 3000 assignare
439 2917 559 2996 malim,
580 2916 772 2982 enumerabo
783 2916 825 2998 lt:

267 3024 292 3104 l,
319 3026 338 3096 2
365 3024 486 3104 codri2)
516 3025 638 3088 24—25
666 3044 726 3089 om.
756 3025 797 3088 53
829 3022 1002 3089 laberinthi
1034 3042 1058 3088 s.
1090 3023 1263 3090 laberinthi

168 3136 228 3198 110
254 3153 315 3199 aec
343 3133 437 3199 cedat
459 3134 520 3197 114
552 3132 687 3198 habitas
708 3133 950 3198 acilas-cras
970 3133 1012 3210 ΙΙ,
1039 3134 1080 3197 24
1102 3130 1197 3215 om.³)
1220 3135 1262 3198 49

168 3243 289 3309 Taedia
310 3244 350 3308 50
372 3243 481 3325 Hippo
504 3245 544 3308 68
559 3242 880 3327 pumiceas-tadone
902 3243 942 3306 97
963 3242 1103 3326 paleano
1127 3243 1187 3306 146
1211 3263 1262 3310 ca·

167 3353 241 3424 tolio
269 3352 437 3436 pactisque
459 3353 519 3426 ΙΙΙ,
542 3355 582 3418 58
614 3373 678 3418 ooo
707 3353 746 3417 67
778 3354 876 3418 comit
906 3352 1095 3433 recbedipoc
1123 3353 1164 3416 80
1179 3373 1260 3434 pca-

269 3557 296 3622 1)
314 3555 426 3610 Partem
445 3555 610 3610 mendorum
623 3555 844 3623 antiquissimam
858 3572 916 3609 esse
932 3557 1097 3625 argumento
1110 3558 1175 3609 sunt
1186 3553 1263 3626 frag·

168 3654 262 3704 menta
278 3651 422 3716 Vaticana,
442 3651 472 3704 in
491 3651 591 3719 quibus
612 3651 669 3716 iam
687 3651 792 3720 legitur
810 3650 982 3718 corcorditer,
1000 3649 1181 3720 circopitbcci,
1203 3666 1263 3706 cac·

166 3749 255 3802 reticos
280 3751 346 3815 etc.;
371 3748 426 3802 alia
445 3765 479 3801 ex
499 3765 530 3800 eo
557 3748 652 3802 codice
675 3748 812 3816 oriuntur,
836 3747 973 3816 adquam
992 3747 1059 3801 libri
1078 3746 1167 3801 nostri
1186 3746 1265 3802 rede·

169 3846 230 3913 unt,
249 3844 303 3897 alia
324 3862 357 3897 ex
376 3843 454 3899 fonte
467 3845 606 3898 communi
625 3844 799 3914 singularum
821 3844 999 3913 familiarum,
1019 3861 1087 3913 quas
1106 3843 1265 3900 statuimus.

169 3939 299 3994 Ceterum
313 3939 364 3993 cfr.
384 3957 454 4008 quae
467 3941 567 3994 menda
583 3940 654 3994 Beer
667 3941 818 4010 diligenter
836 3958 870 3994 ex
882 3938 904 3992 P
919 3940 1031 4010 collegit
1043 3939 1062 3993 l.
1076 3940 1095 3993 l.
1104 3957 1152 4009 pg.
1160 3939 1194 3994 13
1202 3956 1263 4010 sqq.

269 4035 295 4105 2)
315 4034 365 4090 cfr.
386 4034 465 4089 codd.
484 4035 552 4090 Luc.
571 4034 645 4105 VIII,
664 4035 726 4105 715,
744 4035 828 4089 Mart.
845 4035 881 4103 11,
900 4034 943 4104 57,
962 4034 988 4104 4,
1008 4033 1042 4103 V,
1059 4035 1103 4105 23,
1121 4036 1151 4106 83
1170 4036 1213 4104 26,
1233 4037 1265 4107 13

169 4131 214 4187 vd.
233 4135 261 4186 et
278 4149 363 4211 supra
381 4149 427 4201 pg.
447 4130 482 4185 55
501 4131 556 4184 adm
574 4131 599 4184 2,

268 4226 294 4297 3)
315 4245 378 4282 cum
396 4245 422 4283 v.
440 4244 555 4297 sequens
576 4225 674 4282 eodem
691 4227 777 4282 verbo
795 4225 920 4297 incipiat.
