2850 4898
690 359 725 414 60

261 533 352 598 Licet
372 531 466 598 modo
489 532 733 615 cognoverimus
749 530 896 597 Servium
920 530 1074 596 lectiones
1100 531 1258 596 recensio-
1312 587 1314 592 ,

165 643 214 707 nis
237 641 447 725 interpolatae
470 661 534 707 non
555 641 731 724 accepisse,
754 646 861 706 tamen
883 638 965 705 nihil
988 639 1148 723 prohibet,
1181 658 1259 722 quo-

164 751 268 815 minus
299 748 384 816 hunc
416 749 562 823 eundem,
593 750 685 816 cuius
719 768 834 815 nomen
868 748 902 814 in
934 749 1172 834 subscriptione
1203 749 1260 813 illa

163 859 330 943 reperitur,
365 877 436 924 esse
469 856 632 924 ducamus.
685 856 767 922 Nam
798 862 830 923 et
864 855 925 935 hic,
959 857 1042 922 sicut
1072 857 1136 936 ille,
1171 855 1260 939 apud
1341 890 1345 900 =

163 969 319 1032 Aaronem
341 965 382 1032 ad
405 967 479 1032 Hor.
498 973 558 1032 sat.
573 966 598 1047 I,
613 967 643 1048 9,
660 967 700 1031 70
721 965 894 1049 itidemque
916 965 948 1030 in
971 965 1116 1032 Parisino
1142 966 1226 1030 7530
1234 966 1258 1047 ¹)

161 1077 311 1159 omptster
330 1082 463 1143 vocatur
476 1094 580 1158 neque
598 1075 704 1141 obstat
725 1081 850 1159 tempus
867 1081 923 1141 ant
937 1075 1044 1155 locus3
1064 1094 1258 1159 quamquam

163 1205 220 1268 pro
243 1191 330 1250 certo
355 1182 415 1250 hoc
436 1183 597 1249 affirmare
626 1203 689 1249 non
720 1183 834 1250 audeo.
878 1182 985 1250 Servii
1011 1183 1075 1249 loci
1103 1183 1190 1267 qued
1217 1185 1259 1250 ab

162 1295 218 1359 illa
242 1294 428 1360 recensione
451 1291 632 1375 abhorrent,
654 1312 717 1359 nou
739 1298 787 1357 est
810 1291 1038 1359 annullandae.
1083 1292 1166 1358 Nam
1185 1314 1258 1360 cum

163 1403 303 1469 Nicaeus
326 1403 504 1487 discipulus
527 1402 615 1467 illius
638 1421 709 1468 esse
738 1401 895 1484 videatur,
931 1402 1192 1468 commentarium
1216 1401 1260 1468 ad

163 1512 341 1596 Vergilium
364 1513 427 1577 iam
451 1518 548 1577 antea
574 1512 805 1595 conscripsisse
827 1510 973 1577 Servium
1001 1511 1153 1578 arbitrari
1176 1512 1259 1578 nihil

163 1628 256 1687 vetat.
293 1621 464 1686 Praeterea
485 1621 541 1686 ille
556 1622 783 1703 grammaticus
800 1621 932 1687 illustris
951 1622 1072 1686 maiore
1087 1620 1260 1704 prudentia

164 1749 202 1796 ac
224 1731 354 1796 meliore
377 1728 496 1796 iudicio
517 1729 685 1813 praeditus
714 1729 907 1797 mutationes
930 1749 1028 1814 saepe
1051 1729 1259 1798 stultissimas

164 1845 249 1905 certe
270 1859 333 1905 non
355 1837 513 1920 probavit.

261 1945 463 2030 Perquirenti
495 1945 591 2024 mihi,
622 1967 698 2013 num
731 1947 867 2013 fortasse
900 1955 1025 2033 tempus
1058 1948 1259 2016 recensionis

164 2053 344 2122 accuratius
367 2074 408 2121 ex
423 2053 602 2120 imitatione
626 2057 815 2138 scriptorum
837 2058 983 2122 exeuntis
1006 2057 1128 2123 saeculi
1152 2059 1259 2140 quarti

164 2163 233 2230 erui
255 2170 374 2248 posset,
404 2171 526 2230 tantum
550 2165 583 2229 iu
607 2164 780 2230 Claudiani
802 2164 999 2231 carminibus
1020 2166 1117 2249 pauci
1138 2165 1173 2231 hi
1195 2168 1260 2234 loci

165 2273 292 2340 obviam
314 2293 349 2339 se
370 2274 523 2340 tulerunt:

204 2384 325 2459 XVIII,
340 2384 401 2448 280
424 2383 566 2467 inpuluta
580 2389 608 2448 et
622 2383 777 2464 reliquom
786 2382 937 2467 plrppr'e's
950 2383 1132 2452 msunuere
1150 2386 1261 2453 eultre's

203 2493 271 2558 Iuv.
294 2493 336 2572 Il,
361 2493 421 2557 115
443 2511 508 2574 sq.:
528 2491 663 2574 plurppe‘o
685 2511 760 2574 quos
781 2496 902 2572 tempus
922 2498 990 2559 eret
1012 2494 1078 2559 lum

203 2622 287 2667 onore
308 2620 536 2683 superuacuam
555 2600 665 2667 001010
686 2601 866 2668 abscindere
887 2601 923 2683 (s.
942 2600 1111 2683 olseium)
1134 2623 1260 2672 eumen

208 2711 327 2793 XVHI,
349 2711 411 2775 229
431 2711 553 2793 lemque
573 2710 670 2776 oblitu
691 2711 742 2776 arei

204 2821 272 2886 Iuv.
295 2819 365 2901 Vll,
387 2820 448 2884 100
469 2839 602 2902 nomque
624 2820 760 2903 (meaque
781 2818 815 2904 v)
836 2819 932 2887 oblite
954 2821 1040 2886 modi

206 2928 247 2993 de
271 2934 359 3011 nupt.
382 2927 465 2992 Hon.
489 2934 521 2994 et
542 2927 620 2994 Mar.
644 2930 683 2993 35
706 2929 855 3009 (exeunte
877 2928 984 3011 versu)
1003 2931 1151 3013 pristim
1166 2937 1261 2998 outae

206 3038 274 3102 Iuv.
297 3036 387 3114 VIII,
411 3035 470 3100 198
492 3035 645 3117 (exeunte
667 3044 777 3122 versu)
793 3039 941 3120 principe
962 3044 1059 3105 00100

207 3145 245 3225 V,
267 3145 329 3210 343
352 3144 479 3210 reduces
497 3148 570 3225 post
585 3144 711 3225 proella
732 3151 853 3211 turmas

207 3254 275 3318 Iuv.
295 3253 371 3336 XII,
397 3254 455 3318 110
477 3258 597 3319 euntem
618 3253 653 3320 in
669 3253 795 3335 proelia
816 3254 994 3338 turmam).
1133 3327 1136 3332 ,
1230 3322 1234 3327 ,

265 3361 325 3427 His
348 3361 428 3428 locis
445 3359 643 3427 Claudianus
666 3361 695 3428 si
709 3362 894 3429 Iuvenalem
917 3364 1073 3432 imitando
1096 3367 1260 3449 exprimit,

163 3471 197 3536 id
222 3471 307 3554 qnod
328 3470 406 3536 mihi
430 3470 566 3552 videtur,
597 3475 672 3536 ante
696 3491 815 3537 aunum
837 3474 899 3537 400
921 3473 1067 3541 recensio
1089 3475 1177 3542 facta
1200 3483 1259 3558 est,

162 3577 250 3663 quod
278 3581 396 3664 optime
427 3579 470 3645 ad
498 3599 612 3645 aevum
642 3578 746 3647 Servii
775 3581 937 3666 convenit3
970 3601 1163 3666 quamquam
1197 3605 1261 3651 non

162 3709 263 3774 aegre
284 3689 395 3772 feram,
426 3691 454 3756 si
478 3690 550 3773 quis
573 3689 645 3755 illos
675 3708 785 3756 versus
811 3710 876 3756 non
898 3691 1047 3758 sufficere
1076 3694 1261 3761 contendat.

166 3866 364 3876 -—-..—-

264 3979 289 4042 1)
309 3974 384 4031 GLK
403 3977 452 4044 IV,
470 3976 532 4045 448,
552 3976 594 4037 17,
613 3975 662 4031 cfr.
682 3975 788 4041 01487,
807 3976 856 4046 223
874 3976 936 4043 496,
955 3977 1001 4046 26;
1020 3976 1102 4034 Thilo
1121 3978 1163 4034 ed.
1183 3977 1261 4054 Serv.

47 4084 50 4090 '
162 4068 252 4140 praet.
271 4087 318 4141 pg.
337 4069 429 4124 LXIX
448 4067 509 4123 adn.
530 4070 554 4123 1.

264 4166 293 4236 2)
312 4165 351 4220 sic
369 4167 408 4235 A;
436 4166 541 4221 turbam
561 4165 777 4236 HVLR'prona
799 4167 955 4222 mutatione
981 4166 1097 4239 librarii,
1125 4169 1170 4223 cui
1188 4170 1261 4225 iuL

163 4264 293 4320 scholion
311 4267 450 4335 repugnat
467 4262 571 4334 (turma
589 4268 635 4326 ert,
654 4263 703 4319 ubi
720 4263 836 4334 triptota
853 4263 972 4320 monce
989 4263 1071 4335 eunt).
