2850 4898
457 1224 619 1291 Basante
643 1221 789 1291 oudinum
812 1221 1025 1289 deteriorum.

295 1409 362 1475 Hos
385 1408 514 1475 codices
537 1428 647 1474 omnes
668 1409 830 1492 pertinere
851 1407 892 1472 ad
919 1408 1135 1472 recensionem
1158 1407 1292 1472 deterio-

196 1539 263 1583 rem
291 1520 393 1602 primo
423 1517 535 1581 obtutu
557 1517 662 1581 elucet
688 1535 792 1598 neque
820 1535 899 1599 opus
932 1522 982 1581 est
1010 1516 1115 1580 insius
1142 1516 1291 1598 probare.

196 1627 295 1709 Atqui
318 1625 464 1691 videmus
492 1645 556 1689 non
575 1646 647 1690 raro
676 1625 775 1690 libros
798 1645 907 1690 omnes
938 1643 1113 1706 congruere
1144 1644 1215 1688 cum
1237 1624 1292 1688 Pi·

196 1735 333 1799 thoeano
358 1730 480 1813 Iocis¹)‚
513 1733 630 1814 quibus
652 1753 723 1798 cum
746 1732 909 1798 hominum
936 1732 1193 1797 doctissimorum
1216 1751 1292 1796 con·

196 1862 293 1909 sensu
307 1842 402 1907 lectio
418 1841 538 1906 tradita
552 1840 721 1906 damnetur
742 1847 798 1906 ant
813 1841 934 1906 servari
958 1861 1021 1906 non
1040 1841 1149 1923 possit,
1172 1846 1290 1904 utram·

197 1971 259 2034 qne
283 1949 500 2015 recensionem
523 1950 692 2015 concinere
714 1949 828 2013 mirum
851 1955 914 2014 est:

297 2058 339 2141 II,
360 2059 401 2121 92
433 2062 556 2140 cotpton
584 2056 622 2139 (6.
644 2056 783 2140 cocyton)
820 2059 879 2122 106
906 2057 1088 2139 lebriacils)
1173 2058 1227 2135 IV,
1253 2058 1292 2121 13

195 2166 334 2248 serioque
356 2167 395 2230 25
417 2185 565 2247 squamae
586 2167 626 2229 43
649 2167 801 2246 torpentis
863 2166 916 2249 VI,
941 2167 1000 2230 126
1020 2187 1080 2232 om.
1103 2164 1175 2246 (167
1195 2187 1291 2230 uenu-

194 2272 312 2355 st'nam)
342 2275 400 2338 172
423 2274 539 2355 dcpcm
560 2274 621 2337 527
653 2274 831 2355 calidaeque
852 2275 914 2338 533
943 2275 1083 2357 lantpero
1105 2275 1167 2338 554
1187 2275 1293 2356 fronte

197 2384 258 2447 656
280 2382 497 2448 clitemestram
526 2381 611 2465 (clpt.
633 2381 671 2460 P)
757 2383 826 2462 VII,
851 2384 910 2446 130
932 2382 1056 2465 tonpo'lli
1077 2381 1129 2464 (u
1152 2383 1191 2458 Ρ)
1215 2382 1289 2464 (151

196 2491 276 2573 cum)
301 2491 360 2555 177
382 2491 527 2556 scindens
549 2491 609 2554 235
632 2490 805 2556 archemori
889 2491 975 2573 VIII,
998 2491 1220 2557 6266111166.
1243 2511 1290 2556 co-

195 2600 284 2682 rptloe
305 2598 421 2682 (carpto
441 2600 481 2680 P)
504 2599 701 2678 aspamam
724 2599 783 2663 148
811 2600 908 2663 multo
929 2599 1107 2680 sufflamine
1126 2602 1187 2664 223
1215 2602 1292 2682 quial

196 2710 258 2773 229
281 2709 313 2773 in
337 2707 484 2772 omnibus
507 2705 599 2772 codd.
613 2712 789 2790 ,corruptus
868 2707 937 2788 (IX,
963 2708 1022 2772 109
1043 2707 1206 2789 librarius)
1250 2709 1289 2790 X,

195 2818 236 2880 54
257 2822 313 2882 aut
338 2816 519 2898 perniciosa
585 2815 645 2879 170
676 2836 775 2898 ppare
808 2836 831 2882 6.
861 2818 952 2898 piare
989 2817 1196 2882 1806161666
1227 2820 1289 2883 359

195 2925 345 3005 labores2)
431 2923 489 3006 XI,
519 2923 560 2987 55
594 2922 788 3005 cffuptenlcm
820 2925 879 3004 (M)
965 2925 1058 3005 XIII,
1089 2927 1147 2991 107
1177 2927 1288 3007 666611-

194 3038 282 3096 mant
309 3033 371 3095 208
398 3051 493 3096 saeua
578 3031 665 3111 XIV,
686 3032 726 3095 45
756 3031 814 3097 lac
845 3035 893 3112 (aa
913 3031 951 3115 P)
980 3033 1042 3097 229
1072 3035 1290 3115 conduplicari

194 3139 262 3217 XV,
287 3140 305 3203 7
327 3140 483 3205 caeruleos
504 3141 658 3218 (ceruleus
679 3141 717 3219 P)
747 3142 787 3205 64
808 3141 958 3206 seditione
1042 3141 1125 3223 XVI,
1150 3142 1191 3206 24
1214 3143 1289 3208 call

192 3253 283 3332 patos
304 3250 345 3313 56
365 3248 462 3314 labor.

295 3357 388 3423 06116
410 3357 651 3424 concedendum
677 3364 725 3424 est
746 3380 896 3442 magnam
920 3366 1042 3443 partem
1070 3360 1182 3425 horum
1204 3361 1288 3426 loco-

194 3487 266 3533 rum
280 3467 345 3558 iam
361 3467 394 3531 in
410 3467 586 3552 archetypo
608 3467 764 3533 exsistere
779 3468 934 3552 potuisse,
958 3469 1043 3534 unde
1065 3478 1096 3534 et
1109 3469 1136 3532 P
1151 3461 1190 3534 'et
1212 3468 1288 3533 lihri

194 3574 369 3641 deterIores
391 3573 550 3641 fluxerint.
594 3574 660 3640 Sed
682 3573 743 3640 hoc
769 3595 832 3639 non
864 3577 983 3657 ubique
1011 3578 1181 3643 convenire
1202 3579 1287 3642 evin-

194 3683 277 3748 citur
297 3704 346 3758 eo,
369 3683 455 3766 quod
478 3683 609 3766 saepius
630 3703 743 3748 manus
767 3685 869 3749 altera
890 3691 921 3749 et
940 3684 1120 3768 Pithoeani,
1141 3705 1224 3768 quae
1246 3706 1288 3751 ex

194 3790 378 3856 membrana
400 3792 512 3856 elassis
529 3792 743 3875 interpolatae
766 3795 912 3872 correxit,
935 3799 969 3858 et
983 3794 1177 3876 reliquorum
1201 3793 1286 3859 codi-

194 3917 264 3963 cum
287 3897 457 3964 leotionem
475 3919 586 3966 veram
608 3900 769 3979 exhibent,
793 3908 828 3966 ut
849 3901 903 3980 VI,
920 3902 980 3965 527
1003 3922 1024 3985 p
1048 3908 1132 3967 recte
1153 3902 1288 3985 praebet

179 4222 184 4236 ·
292 4146 321 4216 1)
339 4147 392 4202 Hic
410 4147 445 4202 de
463 4148 522 4203 6616
540 4167 623 4203 manu
643 4149 733 4218 prima
751 4149 860 4219 loquor.

292 4243 320 4316 2)
338 4243 383 4298 vd.
402 4243 485 4299 infra.
