3086 5098
697 479 732 532 97

164 647 320 704 condituris
348 646 460 715 scripsit
488 650 516 700 et
543 645 658 700 taudem
686 643 794 713 pudore
823 643 955 713 egestatis
986 660 1123 698 uenenum
1152 661 1262 700 sumens

164 749 291 800 mortuus
319 749 363 798 est
435 742 517 813 32133
541 742 691 797 Pisciculos
717 741 839 794 minutos
863 740 933 795 dicit
960 740 1063 794 nullius
1085 742 1172 810 precii
1194 760 1262 811 quos

164 842 261 911 inopes
286 842 316 894 in
342 841 438 911 egipto
463 839 617 894 uenditant.
648 839 694 893 hic
713 838 795 908 piscis
819 837 952 906 pessimus
980 854 1075 892 recens
1100 839 1263 894 manducari

165 956 222 994 non
240 942 341 1008 potest.
378 937 423 990 Ex
441 938 580 1006 piscatore
599 935 692 1004 inquit
710 935 800 989 iactus
819 938 880 989 erat
900 934 1029 1004 princeps
1048 935 1173 1003 equitum
1222 937 1262 992 31

165 1035 264 1090 Flauio
278 1035 369 1106 gentis
388 1033 519 1088 ultimum
532 1033 719 1088 domicianum
738 1031 814 1086 dicit.
835 1031 888 1086 hoc
906 1033 980 1086 enim
994 1030 1092 1086 ordine
1109 1037 1263 1102 regnarunt

164 1151 232 1187 nero
257 1133 436 1201 nespasianus
460 1131 529 1185 titus
553 1134 581 1184 et
606 1129 777 1183 domicianus
849 1129 882 1182 61
901 1127 1020 1182 Romani
1045 1129 1096 1182 sub
1115 1129 1196 1184 tullio
1214 1130 1261 1183 bo·

166 1230 242 1284 stilio
262 1247 325 1284 cum
350 1229 441 1282 albam
461 1227 616 1296 diriperent
639 1230 668 1280 et
691 1243 770 1280 sacra
793 1226 898 1280 uellent
916 1242 1023 1279 romam
1046 1227 1166 1281 transire
1184 1232 1262 1282 tanta

166 1331 284 1396 repente
299 1325 410 1396 grando
422 1324 507 1379 missa
526 1328 567 1378 est
586 1328 618 1376 ut
636 1323 832 1392 intellegerent
850 1339 865 1376 1
883 1321 938 1376 suis
956 1322 1024 1376 locis
1037 1340 1115 1377 sacra
1132 1341 1188 1377 non
1205 1341 1263 1378 esse

167 1423 306 1477 mouenda
357 1421 392 1475 68
411 1419 531 1488 Quidam
549 1421 646 1490 legunt
665 1419 775 1489 sagittis
795 1419 813 1472 i.
833 1418 1078 1472 exercitationibus
1097 1420 1262 1490 sagittarum

166 1518 351 1588 digestionem
370 1517 426 1572 cibi
444 1520 589 1586 comparat
642 1515 747 1569 941111
766 1515 863 1569 consul
880 1514 935 1568 fuit
953 1516 1005 1569 sub
1025 1515 1180 1570 domiciano
1228 1518 1262 1570 95

166 1614 262 1668 idest
284 1631 347 1668 cum
369 1611 427 1666 filio
449 1611 564 1668 domitio
588 1628 669 1680 quem
694 1628 757 1664 cum
778 1627 846 1665 nero
871 1611 1015 1665 occidisset
1037 1611 1127 1680 ipsum
1152 1613 1262 1667 acilium

165 1728 220 1779 quo
240 1727 325 1779 penas
346 1709 462 1764 sentiret
480 1709 597 1764 orbitati
616 1708 734 1762 seruiret
757 1707 817 1774 (sic)
891 1708 942 1761 103
960 1707 1114 1777 Tarquinio
1134 1711 1261 1779 superbo.

165 1807 330 1876 proplexam
344 1805 418 1860 enim
436 1806 552 1860 barbam
572 1804 673 1860 habuit
725 1804 777 1858 107
796 1802 904 1858 Acerba
922 1808 1049 1858 uentrem
1067 1805 1161 1874 potius
1180 1823 1263 1874 quam

164 1904 255 1972 ipsum
276 1902 382 1957 uenisse
401 1902 471 1958 dicit
532 1902 583 1955 112
603 1901 709 1955 Fuscus
727 1900 772 1954 bic
790 1900 841 1953 sub
860 1900 1012 1955 domitiano
1032 1903 1166 1957 exercitui
1184 1921 1263 1972 prae·

165 2000 273 2069 positus
292 2000 322 2054 in
335 1999 423 2054 Dacia
441 2000 527 2068 periit
587 1997 690 2052 123111
709 2001 750 2051 111
768 2014 863 2052 musca
882 2015 965 2066 quam
984 1999 1081 2052 rustici
1101 1999 1199 2054 asilum
1218 2003 1263 2054 uel

151 2096 303 2161 ,tabanum
320 2098 424 2149 uocant
497 2095 546 2148 141
566 2109 587 2147 s.
609 2093 833 2148 14281111111111
853 2094 956 2162 posuit.

266 2266 298 2326 V,
319 2267 352 2320 11
371 2265 472 2320 Tribus
490 2266 564 2321 enim
582 2266 661 2321 lectis
680 2267 859 2334 antiquorum
879 2283 945 2321 cene
967 2268 1146 2336 parabantur.
1185 2269 1263 2324 Unde

167 2364 290 2420 triclinia
309 2363 474 2418 dicebantur
529 2363 564 2416 20
582 2361 696 2416 Subaud
715 2363 863 2418 calciarum
883 2380 946 2417 cum
962 2363 1142 2419 festinatione
1160 2369 1189 2420 et
1207 2383 1263 2420 non

166 2462 257 2516 nullas
276 2479 356 2516 ansas
376 2461 464 2531 caliga
482 2459 627 2528 preterire.
665 2459 747 2514 Dicte
759 2465 853 2515 autem
871 2461 1003 2531 ligulaea
1021 2462 1134 2532 ligando
1154 2463 1183 2517 id
1199 2469 1264 2518 sunt

167 2574 234 2610 anse
261 2557 506 2611 calciamentorum
577 2555 663 2609 24111
682 2559 724 2610 est
742 2573 815 2610 noua
839 2573 895 2610 non
912 2557 971 2610 lota
989 2574 1059 2626 quae
1078 2575 1141 2612 cum
1158 2559 1263 2630 tingui·

167 2656 214 2706 tur
233 2653 352 2720 pessimo
373 2652 438 2706 uino
465 2651 643 2721 perfunditur
715 2651 1033 2708 2511111111111111111111
1051 2655 1097 2708 uel
1116 2660 1261 2710 amentem.

167 2748 213 2803 Sic
232 2749 304 2802 enim
324 2750 398 2802 malo
416 2749 482 2802 uiuo
500 2753 607 2804 mentes
626 2750 777 2804 turbantur
791 2750 929 2818 quomodo
948 2750 1012 2804 lana
1031 2750 1119 2806 tincta
1137 2756 1262 2807 mutatur

165 2845 200 2900 34
222 2887 227 2899 .
248 2887 254 2899 .
274 2886 280 2898 .
301 2863 372 2914 quac
391 2847 504 2901 uascula
526 2847 664 2901 terencius
689 2846 792 2916 (1111111.
811 2843 884 2917 460>
902 2847 987 2902 serias
1005 2852 1088 2904 uocat
1157 2849 1261 2903 44111

164 2959 237 2997 nean
256 2942 325 2996 dicit
337 2941 415 2996 cuius
433 2942 544 3012 gladius
562 2943 697 3011 iaspidem
711 2941 810 2996 habuit
828 2946 860 2996 ut
879 2943 1007 3013 uirgilius
1027 2944 1112 3014 (Aca.
1126 2945 1180 3014 IV,
1191 2946 1262 3016 261>

167 3044 252 3107 atque
278 3038 322 3091 illi
342 3039 470 3094 stellatus
497 3040 603 3108 iaspide
627 3038 704 3093 fulua
732 3039 804 3093 ensis
823 3043 884 3094 erat
957 3041 992 3094 48
1010 3040 1149 3110 Sulphure
1172 3044 1262 3098 solent

46 3147 67 3172 '-
168 3135 274 3188 nitrum
292 3134 412 3189 solidare
431 3135 449 3190 i.
467 3137 587 3191 maltare
642 3136 676 3190 66
695 3133 936 3190 PROVERBIVM
1000 3139 1034 3192 90
1052 3139 1113 3192 Hoc
1131 3139 1192 3194 oleo
1210 3158 1261 3210 pu·

165 3231 238 3286 tenti
256 3232 324 3301 ungi
342 3231 449 3286 solitus'
460 3237 521 3287 erat
543 3234 589 3288 uel
608 3238 682 3287 certe
702 3233 769 3288 ciuis
788 3233 970 3304 tripolitanus
989 3240 1050 3289 erat
1121 3223 1175 3290 121
1191 3236 1262 3291 Pan·

164 3328 311 3382 tomimum
335 3328 474 3400 significat
496 3331 623 3385 manibus
649 3332 864 3402 gesticulantcm
936 3331 987 3385 127
1006 3332 1053 3402 (gl.
1071 3332 1172 3400 interl.)
1191 3340 1261 3389 11111-

165 3441 249 3492 quam
268 3423 369 3479 farsis
426 3425 478 3480 153
497 3426 615 3495 Quidam
640 3428 739 3483 uolunt
756 3428 925 3498 gladiatores
951 3429 1078 3499 intellegi
1096 3431 1144 3499 qni
1163 3437 1262 3487 contra

165 3526 257 3576 castra
276 3523 420 3591 praetoria
438 3524 588 3579 manebant
614 3528 642 3579 et
660 3543 755 3580 eorum
773 3525 904 3579 lanistam
923 3526 1053 3594 quicum
1071 3528 1153 3583 nimis
1172 3529 1261 3584 horri-

164 3601 216 3672 dus
234 3625 306 3674 esset
325 3620 431 3690 capella
449 3620 603 3675 dicebatur.

263 3781 310 3852 VI,
326 3784 343 3837 8
363 3784 490 3840 Amicam
509 3785 606 3840 catulli
626 3785 695 3840 dicit
714 3786 793 3840 cuius
811 3804 952 3856 passerem
969 3788 1124 3842 extinctum
1142 3791 1260 3846 catullus

165 3877 285 3946 quodam
304 3881 436 3948 opusculo
456 3879 541 3935 deflet
605 3881 640 3934 32
658 3882 737 3950 pons]
756 3883 804 3951 qui
822 3899 896 3936 nunc
914 3883 1039 3952 lapideus
1058 3889 1100 3939 est
1118 3903 1213 3942 romae
1232 3889 1261 3942 in

164 3973 278 4028 tiberim
297 3975 392 4045 inquit
403 3980 432 4032 tc
446 3977 601 4047 praecipita
654 3979 689 4032 70
707 3978 837 4048 Subligar
850 3979 953 4034 dicitur
972 3998 1027 4049 quo
1044 3981 1201 4052 religantur
1220 3984 1261 4038 in·

166 4069 251 4139 guina
269 4071 506 4138 pantomimorum
575 4074 610 4129 83
628 4074 776 4143 Proprium
796 4075 896 4130 ciuitas
915 4078 1010 4146 egypti
1029 4095 1080 4146 per
1099 4096 1182 4147 quarn
1200 4084 1261 4134 tota

164 4180 229 4234 sepe
247 4172 383 4236 aegyptus
403 4169 577 4238 significatur
604 4171 727 4226 maxime
744 4171 818 4241 apud
836 4171 980 4227 Lucanum
999 4171 1103 4243 (VIII,
1123 4177 1260 4245 111177,

164 4263 226 4328 499,
245 4261 298 4332 al>
371 4264 423 4318 120
445 4265 609 4322 Rotundum
627 4268 771 4324 muliebris
798 4268 897 4338 capitis
915 4273 1115 4340 tegumentum.
1152 4272 1184 4326 In
1202 4290 1261 4328 mo·

165 4356 232 4410 dum
250 4359 347 4428 galeae
370 4363 482 4429 qualem
502 4363 606 4420 babere
624 4367 778 4423 mercurius
798 4367 961 4438 depingitur
982 4368 1057 4436 quod
1075 4369 1129 4424 alio
1148 4371 1261 4426 nomine

1045 4467 1061 4522 7
