2850 4898
251 1079 299 1146 lle
320 1077 439 1148 llicseo
460 1080 496 1148 et
515 1079 691 1168 Epicarpio
711 1096 888 1167 eorumque
910 1076 1166 1148 recentioribus.

261 1266 299 1332 ln
321 1265 547 1344 Laurentiano,
569 1285 664 1349 quem
686 1266 831 1350 signolt
859 1266 976 1346 notavi,
1008 1265 1102 1331 initio
1127 1273 1258 1332 saturae

164 1376 208 1443 VI
241 1377 401 1442 invenitur
432 1373 512 1441 haec
545 1375 726 1459 inscriptio:
760 1374 921 1442 INCIPIT
944 1374 1072 1440 LIBER
1101 1374 1133 1441 II
1159 1374 1196 1441 L.
1219 1375 1257 1440 Il.

163 1484 335 1552 VRSEMO
368 1482 568 1551 POSTVMO
577 1483 602 1559 1)
635 1482 737 1549 Loci
771 1481 857 1549 EGO
885 1482 1042 1551 NICEUS
1071 1483 1189 1550 APUD
1214 1483 1257 1548 Μ.

166 1591 356 1660 SERBIUII
377 1590 494 1658 ROME
518 1592 575 1657 ΕΤ
598 1590 832 1657 EMENDAVI.
865 1591 987 1659 Eadem
1002 1593 1070 1660 fere
1091 1593 1192 1659 verba
1213 1595 1258 1659 le-

165 1708 283 1786 guntur
303 1700 337 1766 in
359 1700 502 1766 Linitio
529 1705 657 1766 saturae
680 1699 741 1765 VII
769 1700 804 1766 in
826 1703 973 1785 margine
999 1721 1096 1768 manu
1118 1701 1258 1768 scholio·

164 1831 234 1877 rum
257 1815 403 1876 exarata:
432 1807 527 1893 Legi
559 1828 628 1893 ego
658 1809 792 1876 nicene
821 1829 924 1877 rome
950 1811 1053 1895 apud
1082 1811 1259 1878 seruium

164 1918 410 2004 magistrum
434 1924 473 1984 et
494 1918 716 1985 emendari.

264 2027 358 2106 Quod
380 2027 405 2094 si
421 2029 614 2111 quaerimus,
637 2028 688 2094 cui
703 2029 838 2112 tempori
859 2027 943 2096 hunc
957 2029 1114 2096 Nicaeum
1136 2030 1259 2097 adscri-

167 2139 288 2215 bamus,
324 2136 505 2220 fragmenta
526 2137 693 2218 Vaticana,
721 2157 804 2221 qnae
826 2144 937 2222 aperte
965 2139 1146 2206 recensioni
1169 2138 1280 2206 illius·

166 2267 238 2314 cum
251 2246 347 2330 longe
361 2245 508 2329 plurimis
523 2246 662 2312 omnium
676 2246 840 2312 Iuvenalis
856 2246 1002 2312 codicum
1017 2245 1261 2314 adnumeranda

167 2362 248 2436 sunt,
270 2354 442 2422 ostendunt
464 2375 527 2421 non
550 2356 633 2421 ultra
656 2356 817 2422 saeculum
846 2357 992 2438 quintum
1013 2356 1106 2424 nobis
1127 2377 1260 2442 progre-

166 2463 317 2531 diendum
350 2482 430 2530 esse.
481 2464 584 2547 Atque
616 2465 734 2548 optime
767 2465 926 2548 convenit,
961 2464 1046 2548 quod
1080 2472 1195 2549 quarto
1228 2473 1261 2533 et

166 2574 276 2657 quinto
308 2573 437 2640 saeculo
461 2573 622 2640 Iuvenalis
649 2580 773 2639 saturas
793 2574 941 2639 manibus
970 2573 1132 2640 hominum
1162 2574 1261 2641 valde

133 2693 137 2701 ‘
165 2683 257 2749 tritas
279 2682 381 2749 fulsse
399 2683 590 2749 testimoniis
614 2683 893 2767 grammaticorum
909 2684 1105 2766 aliorumque
1130 2690 1162 2749 et
1189 2682 1260 2748 imi·
1357 2704 1359 2708 ³

167 2791 291 2857 tatione
313 2791 506 2874 scriptorum
530 2790 627 2858 huius
647 2792 721 2858 aevi
743 2791 1004 2877 pernoscimus2).

266 2991 295 3060 1)
312 2991 346 3045 In
364 2990 424 3046 cod.
443 2989 530 3046 Paris.
550 2991 620 3045 7906
637 2990 741 3062 legitur
759 2991 868 3046 oraedio
884 2996 1016 3060 postumo.

264 3087 291 3153 2)
309 3085 360 3142 eir.
379 3085 449 3141 Beer
465 3087 484 3141 1.
504 3087 522 3141 l.
541 3103 589 3158 pg.
607 3087 650 3142 40.
687 3087 827 3157 Exemplis
851 3105 922 3157 quae
940 3105 974 3143 ex
992 3089 1116 3143 Ausonio
1145 3088 1263 3159 college·

169 3188 238 3238 runt
256 3182 376 3238 Schenkl
394 3186 423 3237 et
441 3181 548 3253 Peiper,
567 3183 652 3238 addas
669 3183 752 3238 haec:

238 3282 304 3335 llus.
324 3279 412 3350 epigr.
432 3278 545 3350 XXXV,
568 3280 642 3349 5sq.
668 3279 729 3335 Sch.
754 3285 799 3336 eat
822 3297 868 3351 epo
893 3281 1083 3336 damnosae
1112 3280 1174 3336 nolo
1202 3280 1263 3337 otiu

956 3375 1071 3447 perdere
1091 3377 1191 3433 Musae

314 3473 450 3527 mauram
467 3471 555 3526 oomni
573 3486 643 3541 quac
659 3470 738 3541 parit
753 3476 860 3541 atque
877 3471 947 3528 olei

128 3616 136 3638 ,
240 3570 300 3625 Iuv.
318 3568 378 3636 VII,
397 3567 495 3639 991101
516 3608 565 3622 ...
575 3566 649 3636 perit
667 3567 711 3624 tic
724 3569 789 3638 plus
807 3569 935 3638 temporis
953 3575 1060 3639 atquc
1076 3568 1147 3625 olei
1161 3569 1228 3639 plus

315 3664 438 3720 omnibus
453 3670 480 3719 et
497 3664 590 3720 meadt
608 3664 695 3718 multa
712 3664 880 3719 damnosa
896 3680 1004 3737 papyro

240 3761 357 3816 Mosella
375 3760 428 3815 970
445 3760 495 3814 aab
513 3759 568 3827 fine
585 3763 724 3815 &ementes

238 3858 298 3913 Iuv.
317 3857 379 3926 VII,
399 3857 450 3912 941
470 3857 501 3911 in
518 3856 573 3925 fine
589 3861 729 3912 temutes

237 3957 305 4009 Aur.
323 3953 399 4017 xlfl,
418 3953 444 4024 2,
463 3954 516 4008 100
534 3952 610 4007 Sum:
629 3957 655 4008 tc
672 3953 779 4009 consule
795 3953 884 4022 faeces

240 4050 304 4104 Juv.
322 4049 399 4119 VIII,
416 4049 451 4104 23
469 4054 495 4104 tc
515 4050 622 4105 concute
638 4048 732 4120 cirpea

241 4146 308 4200 Aue.
327 4143 399 4215 XVI,
417 4146 442 4208 2.
463 4146 497 4201 17
515 4143 577 4201 Solu.
595 4144 703 4202 dicendi
720 4150 827 4202 torrem
845 4145 896 4201 tibi
914 4146 995 4216 copia

241 4242 300 4297 luv.
319 4242 354 4308 X,
373 4243 390 4297 9
408 4247 514 4298 torrens
532 4241 641 4298 dicendi
658 4241 748 4312 copia.
