2850 4898
236 1183 282 1250 lle
304 1181 437 1250 scholiis
459 1179 579 1248 codicis
600 1177 828 1264 Lugdunensis
849 1180 928 1247 bibl.
951 1180 1038 1268 publ.
1060 1198 1110 1247 no.
1134 1180 1184 1247 82.

262 1371 330 1435 lam
353 1368 528 1452 Stephanl)
553 1369 586 1432 in
609 1366 741 1433 scholiis
764 1367 916 1432 librorum
933 1368 1094 1433 luvenalis
1117 1365 1253 1432 deterio-

163 1500 232 1543 rum
255 1480 355 1544 latere
384 1477 608 1542 adnotationes
633 1495 696 1541 non
718 1475 1019 1559 praetermittendas
1042 1476 1137 1556 vidit;
1167 1474 1253 1558 quod

165 1607 261 1670 quam
290 1593 377 1653 recte
399 1588 442 1653 sit
470 1586 644 1665 iudicatum
671 1606 741 1651 cum
763 1586 980 1667 pervolutanti
1002 1585 1081 1650 mihi
1111 1584 1254 1652 codicem

161 1695 354 1763 Leidensem
378 1716 428 1761 no.
451 1697 501 1773 82,
535 1715 629 1778 quem
658 1695 830 1778 praecipue
854 1694 972 1778 respici
1001 1695 1057 1760 ille
1084 1694 1254 1775 volebat2),

163 1807 266 1889 magis
300 1807 467 1889 magisque
500 1804 694 1888 apparuerit,
732 1825 795 1869 non
824 1804 987 1887 ingratum
1016 1824 1067 1869 me
1097 1804 1255 1870 facturum

163 1934 268 1998 spero,
302 1916 329 1980 si
356 1913 487 1980 scholiis
518 1914 612 1979 huius
635 1915 840 1980 membranae
872 1915 914 1979 ab
942 1913 997 1978 illo
1024 1913 1104 1979 iuris
1131 1913 1255 1997 publici

163 2025 258 2090 factis
281 2025 356 2102 alia,
391 2042 474 2106 quae
496 2023 577 2088 mihi
599 2043 661 2088 non
692 2025 809 2089 nullius
830 2022 926 2105 pretii
947 2022 1148 2105 videbantur,
1180 2024 1254 2089 suh·

163 2153 303 2216 iungam.

262 2266 283 2328 l,
302 2267 319 2320 5
338 2266 441 2336 (plesse
458 2265 655 2334 interlinearis)
672 2265 809 2334 Telephus
822 2282 872 2319 rex
885 2265 980 2319 misiae
999 2283 1015 2318 a
1029 2281 1111 2319 cerua
1129 2258 1253 2319 nutritus

162 2363 282 2417 herculis
301 2369 328 2418 et
351 2365 431 2434 augis
449 2362 523 2417 filius
542 2362 597 2416 fuit
671 2364 704 2416 12
722 2363 827 2417 Fronto
852 2363 904 2417 iste
923 2363 971 2416 illo
996 2368 1121 2431 tempore
1142 2362 1253 2416 nobilis·

162 2461 246 2514 simus
269 2461 322 2514 fuit
347 2461 422 2530 apud
447 2478 529 2530 quem
552 2460 708 2514 recitabant
730 2463 909 2529 poetae...
983 2461 1017 2514 20
1036 2461 1089 2514 Per
1111 2460 1253 2513 alumnum

162 2573 283 2611 aurunco
296 2557 406 2611 lucilius
420 2556 601 2627 significatur,
620 2557 668 2624 qui
680 2556 734 2610 luit
751 2557 863 2610 italicus
880 2561 909 2610 et
923 2557 1037 2610 satiram
1050 2556 1168 2624 scripsit.
1187 2573 1253 2610 nam

163 2655 279 2708 aurunci
298 2654 366 2708 dicti
385 2658 448 2707 sunt
469 2654 567 2722 populi
586 2653 771 2721 antiquissimi
788 2654 874 2708 italie.
1334 2636 1336 2640 Α

261 2750 295 2818 11,
314 2750 350 2803 44
372 2749 503 2804 Scantina
530 2749 591 2816 (sic)
619 2750 664 2804 lex
691 2755 809 2805 uocatur
837 2768 853 2804 a
879 2750 1014 2806 scantinio
1041 2754 1154 2803 auctore
1183 2765 1254 2816 quae

162 2845 332 2913 dampnabat
352 2845 490 2899 adulteria
517 2846 641 2899 uirorum
662 2849 773 2900 tantum
797 2847 868 2901 sicut
892 2847 960 2900 iulia
979 2847 1125 2900 mulierum
1143 2849 1253 2899 tantum

161 2941 196 2994 92
214 2941 303 2995 Babte
324 2941 420 2995 molles
445 2959 500 3009 quo
519 2942 603 2995 titulo
627 2943 741 3010 eupolus
763 2942 824 3012 (sic)
851 2942 1003 2997 comediam
1021 2943 1132 3010 scripsit
1150 2943 1179 2996 in
1198 2959 1254 3009 qua

161 3038 269 3093 inducit
288 3038 461 3092 athenienses
535 3039 586 3092 100
605 3038 665 3093 Hoc
688 3039 831 3093 emisticon
851 3044 991 3108 sumptum
1016 3043 1058 3092 est
1080 3039 1114 3093 de
1139 3039 1253 3109 uirgilio

162 3133 247 3202 <Aera
268 3134 340 3202 XII,
360 3133 411 3203 94>
431 3133 540 3188 Turnus
561 3135 691 3204 gestabat
708 3135 815 3189 hastam
835 3136 869 3189 de
892 3153 947 3206 qua
965 3136 1069 3189 dicitur
1087 3136 1190 3190 actoris
1206 3155 1253 3190 au·

162 3230 240 3283 runci
264 3231 384 3298 spolium
458 3231 509 3284 170
534 3231 617 3284 artari
641 3230 713 3284 Urbs
733 3235 774 3285 est
793 3232 989 3285 armeniorum.
1015 3235 1252 3302 artaxata.genus

162 3326 246 3379 uestis
267 3327 420 3396 peregrine.

261 3413 362 3483 111‚‘32
381 3414 429 3482 qui
446 3415 573 3468 locantur
592 3431 621 3468 se
638 3420 671 3469 ut
693 3419 819 3469 mortuos
846 3419 961 3484 portent
980 3416 1025 3469 uel
1043 3420 1075 3470 ut
1092 3417 1252 3485 uispillones

161 3509 343 3565 aefficiantur.
372 3509 533 3579 uispillones
552 3515 617 3564 sunt
635 3512 684 3579 qui
703 3528 820 3579 corpora
838 3516 1013 3565 mertuorum
1027 3512 1064 3566 ad
1082 3514 1253 3581 sepulturam

161 3605 291 3660 deferunt
313 3608 385 3661 sicut
402 3607 582 3676 pollinctores
601 3608 649 3676 qui
668 3607 785 3661 abluunt
804 3608 849 3661 uel
867 3613 1028 3678 perungunt
1099 3610 1133 3663 67
1153 3609 1253 3664 Sensus

120 3763 123 3768 ‚
162 3709 204 3757 est
223 3721 284 3758 ecce
302 3704 393 3772 inquit
413 3722 428 3757 0
443 3708 474 3758 tu
493 3721 606 3758 romane
624 3704 727 3758 rustice
745 3705 788 3758 tui
807 3705 965 3758 didicerunt
983 3690 1119 3759 luxuriari
1138 3711 1166 3760 et
1178 3708 1252 3775 pale·

161 3804 225 3854 stris
253 3802 294 3854 uti
320 3805 347 3854 et
373 3801 545 3869 philacteriis
570 3805 601 3854 ut
624 3818 706 3871 greca
740 3800 924 3855 dissolucione
947 3806 1094 3870 raptentur
1118 3803 1153 3856 ad
1179 3804 1252 3858 nicia

261 4024 287 4091 1)
307 4025 335 4077 in
356 4024 558 4092 dissertatione,
587 4041 669 4093 quam
694 4024 858 4092 conscripsit
880 4024 915 4078 de
937 4023 1096 4078 Pithoeanis
1121 4025 1150 4077 in
1173 4025 1251 4079 luve-

160 4122 252 4174 nalem
270 4120 390 4175 scholiis.
427 4120 540 4175 Bonnae
560 4121 636 4174 1882.

260 4217 287 4282 2)
305 4217 323 4271 l.
344 4217 361 4269 l.
381 4234 407 4286 p.
428 4217 470 4271 70.
