2850 4898
698 388 733 448 08

170 541 305 645 plamur,
326 557 384 625 ubi
405 579 529 624 summa
550 559 698 625 cautione
720 579 801 644 opus
824 565 883 643 cst,
904 578 945 625 ne
966 579 1136 645 perperam
1157 578 1264 645 gram·

171 669 287 734 matico
312 667 489 733 tribuamus
516 667 601 750 quod
624 667 749 734 librarii
781 674 845 749 est3
876 682 951 734 nam
974 670 1101 735 scribae
1125 690 1264 754 quoquc,

170 777 235 861 qui,
257 783 292 843 ut
312 777 420 843 verbIs
442 775 632 860 Hieronymi
655 783 736 852 utar,
767 779 920 856 ,scribunt
944 797 1009 843 non
1030 778 1117 861 quod
1140 777 1265 845 inveni·

170 893 237 963 unt,
260 885 317 953 sed
332 885 418 970 quod
432 886 632 970 intellegunt,
654 892 687 952 et
708 885 785 952 dnm
806 888 930 954 alienos
951 905 1075 953 errores
1092 887 1265 955 emendare

170 997 321 1076 nituntur,
344 994 516 1061 ostendunt
532 993 628 1079 suoa‘,
652 1014 715 1060 non
736 1014 810 1061 raro
831 994 897 1079 ipsi
919 996 1113 1061 mutationes
1136 995 1264 1063 invexe

169 1111 251 1170 runt.
287 1104 544 1170 Praetermittam
564 1102 625 1170 hoc
647 1105 718 1170 loco
736 1104 852 1170 calami
874 1103 992 1169 menda
1005 1106 1264 1190 mutationesque

171 1233 234 1279 non
255 1213 364 1297 magni
384 1214 545 1297 momenti,
576 1219 611 1279 ut
633 1218 812 1297 temporum
834 1212 1065 1296 modorumque
1087 1219 1143 1280 aut
1163 1215 1265 1281 verba

169 1322 374 1406 transposita,
397 1322 562 1405 graviores
583 1328 708 1388 tanturn
728 1322 963 1406 discrepantIao
986 1321 1120 1407 attingo.

269 1430 466 1509 LectIonom,
489 1449 572 1513 quac
594 1432 628 1496 iu
644 1452 709 1497 una
732 1436 855 1497 tantum
877 1449 919 1496 ex
934 1432 1052 1498 nostris
1068 1430 1263 1499 membranis

169 1537 345 1619 traduntur,
381 1539 496 1605 Nicaei
512 1559 593 1607 esse
620 1546 697 1624 puto
724 1539 878 1625 plurimas
908 1560 1034 1622 earum,
1067 1561 1152 1625 quae
1180 1547 1263 1608 teste

169 1647 283 1715 Iahnio
312 1649 409 1714 etiam
436 1650 469 1713 in
502 1650 575 1716 aliis
603 1649 694 1716 libris
717 1647 912 1733 leguntur¹):
944 1650 987 1733 ΙΙ,
1009 1650 1049 1715 57
1072 1650 1185 1715 cortc'cc
1207 1650 1262 1734 IV,

169 1757 210 1820 98
230 1757 395 1839 pipouium
415 1757 454 1830 V,
475 1759 514 1822 41
537 1759 654 1824 uuicos
674 1758 728 1836 VI,
750 1759 811 1823 401
832 1758 1009 1840 strictisque
1030 1759 1092 1824 658
1113 1758 1170 1824 sud
1191 1779 1263 1825 acre

171 1864 240 1949 VII,
264 1865 304 1929 50
329 1885 424 1930 saeua
450 1865 491 1945 X,
525 1866 565 1930 70
591 1866 720 1932 iudiciis
748 1866 808 1931 153
835 1866 961 1932 diduxit
991 1866 1051 1930 198
1078 1866 1169 1933 iodro
1200 1868 1260 1932 341

169 1993 261 2038 cures
281 1973 356 2055 XII,
374 1975 393 2037 3
415 1973 572 2040 caedimus
592 1974 663 2052 XV,
686 1975 724 2040 61
748 1973 894 2057 Sauoque
914 1976 980 2040 ium
1003 1975 1063 2040 106
1084 1982 1260 2043 ducuntur.

268 2082 402 2148 Restant
423 2084 457 2148 in
476 2082 503 2147 L
526 2082 608 2168 (sive
630 2081 671 2162 li:
700 2085 727 2158 Ι,
744 2086 783 2150 18
803 2085 962 2168 ipuoscerc
979 2084 1039 2166 III,
1055 2087 1117 2151 228
1139 2091 1262 2153 amator

169 2189 224 2272 1v,
253 2191 294 2254 04
320 2193 440 2257 cucurri
467 2193 527 2258 137
554 2198 692 2259 uentrem
723 2194 781 2258 141
802 2198 903 2275 pouio
930 2193 985 2270 VI,
1016 2193 1058 2257 44
1081 2195 1262 2277 periturum

170 2299 230 2363 198
251 2304 279 2363 et
300 2300 389 2365 dicus
410 2302 470 2365 805
492 2307 596 2383 repeto
618 2303 679 2367 408
696 2301 874 2384 fumumque
895 2303 957 2367 413
972 2300 1028 2367 doc
1042 2303 1104 2367 446
1122 2303 1262 2370 tunicum

168 2407 230 2471 440
252 2413 387 2474 rotatum
408 2409 469 2474 455
490 2430 583 2476 sucro
604 2410 694 2493 VIII,
718 2412 777 2476 195
799 2411 871 2477 diuo
884 2410 922 2491 X,
941 2411 1000 2476 189
1022 2410 1106 2477 uitus
1128 2413 1260 2479 coelum·

168 2536 225 2598 que
246 2522 335 2583 tucus
356 2518 417 2583 108
438 2520 535 2585 uerbo
556 2521 618 2584 269
638 2525 732 2602 caput
755 2521 816 2585 359
840 2520 962 2586 dotores
982 2520 1057 2602 XII,
1070 2519 1114 2586 ’64
1134 2521 1261 2587 meliore

171 2626 228 2690 107
247 2621 368 2692 'seruire
393 2628 480 2706 XIV,
504 2630 543 2693 73
570 2634 701 2712 tuncque
726 2629 894 2712 quibusque
920 2631 981 2694 229
1004 2629 1151 2712 fraudem
1172 2630 1259 2712 XVI,

171 2734 209 2798 10
230 2733 382 2815 offendere
403 2737 443 2799 88
464 2756 566 2802 sucro.
852 2759 854 2764 ’
931 2808 934 2813 ,

267 2843 300 2908 in
320 2843 348 2908 A
371 2842 454 2925 (sive
475 2842 523 2928 a):
557 2845 612 2929 VI,
635 2846 697 2910 603
720 2846 825 2912 deluto
847 2846 919 2931 VII,
943 2849 961 2911 5
983 2867 1052 2913 cum
1075 2849 1133 2913 101
1163 2849 1260 2914 multo

168 2952 257 3036 VIII,
278 2953 318 3016 89
339 2958 368 3017 et
389 2953 533 3018 miserere
560 2954 621 3018 246
652 2954 756 3020 iussus
777 2955 834 3036 IX,
856 2956 897 3019 47
924 2974 1058 3038 cecoque
1082 2957 1123 3021 82
1139 2957 1261 3039 perfide

168 3083 266 3127 auore
280 3063 339 3127 148
359 3062 520 3144 fortuucru
541 3069 671 3130 uocatur
695 3065 755 3129 150
776 3065 861 3131 uudo
875 3065 913 3146 X,
933 3066 992 3130 127
1015 3067 1080 3132 ium
1100 3067 1261 3132 miruutur

169 3172 228 3236 199
256 3172 430 3237 coustantio
449 3172 506 3254 XI,
529 3162 576 3237 ‘93
604 3173 688 3238 serio
710 3172 771 3238 sidi
792 3173 868 3256 XII,
900 3174 941 3237 99
964 3173 1057 3238 orbus
1077 3173 1168 3256 XIII,
1199 3175 1260 3240 180

167 3284 196 3344 ci
222 3281 339 3347 maiore
362 3282 422 3346 144
450 3281 536 3362 defer
570 3281 630 3345 164
658 3282 817 3348 oiemuuui
851 3282 911 3346 174
936 3281 1095 3367 muiipuuc
1121 3283 1192 3365 XV,
1219 3286 1259 3350 25

164 3389 367 3470 produxerat.
1260 3431 1262 3436 ·

266 3499 299 3562 in
321 3499 365 3563 H:
388 3499 442 3582 IV,
466 3499 505 3563 19
523 3498 630 3565 iubudu
644 3500 682 3578 V,
706 3501 746 3564 37
768 3501 804 3565 iu
822 3499 982 3566 uuioiidus
995 3501 1050 3584 VI,
1068 3502 1128 3566 157
1150 3503 1261 3586 dipiiie

167 3606 257 3683 XIII,
280 3608 319 3671 38
340 3607 490 3673 uedcduui
511 3609 598 3689 XIV,
625 3610 684 3673 133
703 3609 812 3690 fcoiiui
832 3609 903 3691 XV,
926 3610 967 3672 24
987 3609 1078 3676 clius.

266 3717 299 3779 in
321 3716 394 3781 BV:
426 3718 481 3799 VI,
503 3719 562 3783 521
593 3718 716 3802 expleat
742 3719 829 3798 VIII,
859 3719 918 3784 104
947 3720 1054 3785 multis
1082 3720 1174 3822 xlv,
1198 3723 1261 3788 244

266 4001 294 4070 1)
313 4000 373 4056 Hac
385 4000 415 4054 in
433 4019 464 4056 re
477 4019 644 4073 quamquam
663 4003 830 4058 mutationes
844 3994 955 4059 eaedem
971 4022 1004 4059 ex
1023 4004 1092 4060 vitio
1106 4007 1260 4061 communis
1315 4057 1318 4060 ,

164 4096 251 4152 fontis
269 4101 348 4152 ortae
366 4115 424 4152 ease
441 4103 565 4168 possunt,
589 4099 675 4170 (quod
693 4099 825 4154 accidisse
849 4104 917 4169 puto
936 4100 958 4169 Ι,
976 4101 1011 4155 83
1029 4101 1139 4156 uuu‘muo
1156 4101 1204 4173 IV,
1224 4102 1260 4158 54

163 4211 196 4249 cu
214 4211 331 4264 aequore
347 4201 403 4251 toto
422 4201 461 4250 est
479 4198 513 4252 78
532 4213 645 4266 quorum
663 4197 706 4251 dic
725 4196 770 4266 VI,
789 4198 842 4252 238
860 4197 942 4252 discit
960 4199 1008 4268 al.)
1031 4202 1126 4253 tamen
1145 4200 1257 4271 longius

163 4292 296 4363 progredi
316 4311 399 4362 quam
418 4293 546 4348 cancellis
564 4293 645 4348 nimis
664 4293 748 4349 anxie
766 4295 889 4349 coerceri
906 4294 1001 4349 malui.
