2850 4898
696 347 730 402 61

166 517 250 585 Nam
272 519 381 603 plures
405 521 502 601 10000,
525 518 641 602 quibus
664 520 855 585 sententiam
877 521 1031 603 fulcirem,
1054 544 1156 607 neque
1173 525 1260 610 apud

167 627 380 695 Claudianum
388 628 413 708 1)
446 648 550 712 neque
580 627 669 712 apud
699 631 779 695 alios
811 630 985 717 scriptores
1017 631 1110 700 huius
1144 634 1261 701 aetatis

166 736 320 818 inveni2).
980 726 984 733 ⁶
1223 753 1226 758 '

266 848 349 929 Duo,
382 847 466 930 quod
495 846 601 913 adhue
623 848 770 930 sciamus,
801 846 930 915 oodioes
956 848 1071 916 Nioaei
1099 852 1260 936 subscrip·

165 956 286 1022 tionem
314 957 431 1036 ferunt,
463 956 699 1023 Laurentianus
726 963 758 1022 et
779 956 1016 1041 Lugdunensis.
1064 957 1205 1037 Quorum
1231 962 1260 1026 si

164 1066 320 1132 lectiones
342 1052 426 1131 inter
455 1085 490 1132 se
514 1065 718 1148 conferimus,
747 1067 799 1132 vel
820 1067 853 1132 in
875 1087 946 1133 mea
968 1068 1151 1150 oolletiono,
1175 1089 1260 1152 quae

164 1194 229 1239 non
254 1194 364 1240 omnes
393 1175 544 1241 lectiones
571 1175 646 1241 libri
668 1175 697 1240 R
717 1167 881 1258 praebeat,
914 1180 1070 1261 persaepe
1092 1177 1165 1242 illos
1195 1177 1258 1244 dis·

165 1284 317 1360 sentireil
341 1283 506 1350 videmus:

270 1550 294 1616 1)
312 1549 392 1605 Aliae
409 1550 618 1605 similitudines:
646 1550 679 1616 X,
699 1551 752 1605 203
771 1555 843 1606 neate
861 1566 977 1605 aoroaas
1000 1550 1050 1605 afr.
1069 1551 1127 1607 Iuv.
1146 1501 1263 1626 V1,'51;

165 1645 266 1714 XVIII,
286 1647 320 1701 60
334 1650 526 1715 permutatque
549 1646 638 1701 domos
656 1669 690 1692 =
709 1645 767 1701 Iuv.
786 1645 833 1716 VI,
852 1646 916 1714 225;
945 1645 1020 1716 VIH,
1040 1648 1093 1702 314
1110 1665 1192 1719 remes
1211 1650 1263 1706 Oa·

165 1757 294 1810 arearum
318 1741 369 1796 efr.
389 1741 449 1797 Iuv.
468 1742 503 1811 X,
523 1743 571 1811 93;
600 1742 660 1810 VII,
679 1743 696 1796 3
720 1742 830 1796 imitata
851 1741 965 1813 0000000
988 1742 1037 1797 efr.
1062 1743 1121 1798 Iuv.
1140 1745 1175 1807 X,
1193 1746 1262 1816 2993
1379 1809 1382 1814 .

164 1838 199 1892 de
219 1842 292 1907 rapt.
315 1838 391 1893 Pros.
410 1839 431 1901 I,
452 1839 503 1894 147
531 1839 661 1909 opposuit
686 1844 787 1893 aalma
807 1861 841 1884 =
865 1838 923 1892 Iuv.
943 1838 976 1904 X,
996 1839 1060 1909 152;
1088 1857 1172 1895 earm.
1196 1842 1262 1897 min.

165 1933 232 1988 VIII
256 1933 402 2000 (LXXVI),
423 1936 437 1988 1
462 1936 574 2005 penitas
593 1951 746 2005 eoyaoeeere
773 1957 807 1981 =
830 1934 890 1989 100.
909 1933 955 2004 VI,
973 1934 1040 2004 474;
1069 1936 1118 1991 cfr.
1142 1942 1171 1991 ot
1192 1937 1263 2008 BIrt,

163 2029 238 2083 Zwa'
255 2031 399 2098 polItisalre
417 2031 527 2086 Satirea
546 2031 592 2086 dee
611 2032 683 2087 alten
700 2032 779 2086 Rom.
798 2030 935 2101 Marburg
954 2031 1032 2085 1888.
1050 2049 1097 2103 pg.
1116 2033 1152 2088 52
1170 2051 1230 2104 000.

265 2127 293 2196 2)
312 2128 400 2182 Immo
421 2128 548 2197 sequenti
567 2129 676 2183 saeculo
695 2127 825 2183 Sidonius
843 2127 1015 2197 Apollinaris
1034 2145 1077 2198 ep.
1090 2130 1139 2196 IX,
1155 2132 1188 2185 13
1206 2148 1263 2186 ma-

163 2239 217 2277 rma
236 2228 321 2278 amota
339 2240 403 2279 saco
423 2225 521 2279 amomi
550 2224 695 2280 Pithooani
714 2225 883 2294 scripturam
901 2224 1040 2294 respicere
1058 2225 1169 2280 videtur
1187 2226 1263 2298 VHI,

166 2320 217 2375 159
236 2325 333 2400 amatae
352 2338 454 2377 amomo
474 2322 568 2391 (saeua
585 2323 683 2377 amomi
701 2322 776 2392 apud
786 2320 836 2376 Or.
846 2325 911 2375 met.
923 2320 982 2391 XV,
1001 2322 1076 2391 394),
1094 2339 1263 2392 quamquam

162 2415 216 2471 hoo
227 2417 360 2472 nimirum
378 2423 609 2475 contrarietatem
627 2420 799 2489 superiorem
813 2417 927 2473 alterius
945 2418 1113 2473 recensionis
1133 2418 1171 2472 nil
1185 2418 1261 2473 iacit.

164 2513 223 2567 Alii
242 2514 306 2582 loci,
324 2515 372 2569 ubi
389 2514 518 2571 Sidonius
534 2515 693 2570 Iuvenalem
712 2515 848 2583 imitetur,
866 2514 968 2569 nullius
986 2515 1071 2583 pretii
1089 2515 1170 2569 nobis
1189 2519 1261 2569 sunt.

163 2611 211 2664 Bis
229 2629 292 2666 eum
312 2611 394 2666 affert
416 2630 458 2682 ep.
478 2611 552 2681 VIII,
571 2613 588 2667 9
613 2617 693 2666 satar
718 2617 840 2668 cetram
863 2610 932 2666 dicit
956 2611 1091 2666 Horatiae
1121 2610 1203 2666 ealroe
1228 2635 1261 2660 =

164 2707 222 2761 luv.
241 2707 301 2774 VII,
320 2709 363 2777 62,
382 2713 419 2778 et,
447 2709 522 2778 quod
540 2708 668 2763 lahnium
690 2708 845 2778 praeteriit,
873 2725 916 2777 ep.
936 2706 1009 2777 VIII,
1030 2708 1063 2762 16
1086 2707 1142 2781 iam
1158 2712 1263 2776 tempas

163 2809 203 2859 est
219 2809 250 2859 at
267 2805 400 2860 satiricus
418 2806 460 2860 ait
475 2803 595 2860 Oreotem
613 2811 736 2860 rostrum
748 2806 792 2860 aei
809 2813 891 2874 aupe'r
909 2809 985 2874 terya
1002 2804 1083 2871 fiaire
1102 2802 1151 2858 afr.
1165 2804 1224 2859 Iuv.
1238 2805 1261 2872 I,

164 2901 189 2955 6.
209 2901 340 2956 Imitatur
360 2919 423 2957 eum
441 2919 484 2972 ep.
499 2902 520 2971 1,
534 2902 551 2956 2
569 2903 612 2956 ita
628 2908 660 2957 at
677 2903 769 2957 aazias
786 2903 903 2957 maaian
921 2901 1058 2956 mordacis
1076 2901 1185 2970 liayaae
1200 2899 1261 2967 felle

162 2995 284 3064 feriatur
303 2998 353 3052 eir.
366 2989 425 3052 Iuv.
442 2997 490 3067 IX,
512 2999 559 3066 103
578 3016 620 3067 ep.
633 2998 668 3067 H,
693 2998 723 3052 10
741 2997 840 3064 (initio)
855 3002 969 3067 propter
988 3013 1070 3066 qaam
1088 3013 1139 3052 aas
1158 3012 1261 3066 qaoque

164 3094 344 3149 subduximus
361 3094 467 3163 ferulae
489 3110 600 3148 marram
618 3093 668 3148 afr.
687 3093 745 3148 Inv.
765 3093 787 3162 I,
808 3093 854 3163 153
875 3111 917 3164 ep.
936 3093 970 3163 11,
990 3094 1023 3147 13
1042 3098 1201 3163 spumarent
1215 3093 1259 3159 fa-

164 3191 237 3245 lerao
249 3206 365 3260 armatae
384 3207 496 3260 rapaces
511 3189 561 3245 eir.
571 3189 632 3245 Iuv.
647 3189 694 3259 Vl,
707 3191 773 3258 3033
792 3207 835 3261 ep.
848 3191 896 3260 IV,
908 3191 941 3244 13
960 3189 1059 3259 quippe
1074 3194 1139 3260 post
1157 3195 1259 3258 ternam

163 3302 223 3341 eam
240 3287 298 3341 iam
315 3286 454 3342 duodecim
472 3289 560 3342 taetra
577 3287 750 3343 transmittat
771 3287 820 3342 afr.
839 3288 897 3341 Iuv.
917 3287 993 3354 XIII,
1013 3287 1046 3340 16
1065 3304 1121 3355 sq.;
1139 3303 1181 3354 ep.
1196 3286 1258 3355 Vll,

164 3384 201 3439 17
218 3388 301 3438 aatas
317 3383 354 3438 aa
373 3383 538 3453 Euphratem
558 3408 589 3432 =
609 3383 668 3438 Iuv.
686 3385 709 3453 I,
730 3384 795 3452 104;
821 3400 864 3452 ep.
883 3383 930 3452 IX,
949 3383 966 3437 9
985 3383 1027 3450 (in
1045 3381 1111 3450 fine)
1138 3382 1257 3451 000000-

163 3480 269 3549 quidem
292 3486 354 3535 taos
373 3497 462 3535 amnas
485 3481 543 3534 iam
566 3479 665 3535 deatra
683 3480 867 3536 aameraaerit
890 3479 939 3534 afr.
960 3479 1017 3533 luv.
1036 3478 1070 3541 X,
1088 3478 1152 3546 249;
1171 3495 1255 3532 norm.

162 3577 198 3643 Π,
217 3578 270 3633 530
288 3595 328 3646 00.
354 3579 380 3632 01
397 3579 503 3647 ruperit
522 3577 608 3649 Alpes
625 3579 734 3632 Poeaus
758 3577 808 3632 afr.
827 3577 885 3631 luv.
905 3576 938 3645 X,
958 3577 1022 3645 153;
1049 3593 1132 3630 earm.
1151 3575 1185 3644 V,
1202 3575 1256 3631 430

162 3680 246 3730 amota
276 3677 410 3730 Tarentus
432 3677 480 3732 ofr.
499 3677 557 3732 Iuv.
577 3676 624 3747 Vl,
647 3677 698 3732 297
723 3680 751 3730 et
772 3675 847 3743 VIII,
867 3675 933 3743 1133
960 3690 1044 3728 earm.
1064 3672 1123 3736 VII,
1144 3673 1195 3727 107
1214 3691 1255 3742 00.

163 3770 278 3827 Galbam
304 3773 403 3829 eteraie
430 3774 498 3829 Otho
524 3775 631 3845 operato
659 3773 707 3844 001
729 3773 843 3843 pulcher
871 3770 963 3826 haberi
1000 3770 1062 3824 dam
1091 3775 1188 3840 raptas
1207 3770 1255 3825 afr.

162 3867 222 3922 lnv.
245 3868 280 3938 II,
299 3869 341 3924 99.
1111 3881 1115 3888 ’

263 3967 293 4035 3)
313 3967 476 4039 congruunt
495 3969 568 4024 eiras
588 3968 735 4036 15010010,
758 3984 876 4036 quorum
894 3982 1024 4020 numerus
1043 3968 1161 4035 angetur
1180 3982 1202 4019 e.
1221 3965 1257 4019 50

162 4061 225 4118 aliis
248 4062 375 4119 adhibita
400 4065 491 4119 lahnii
513 4065 670 4133 collatione,
698 4064 743 4117 eni
762 4063 866 4132 ubique
883 4061 967 4116 fidem
990 4061 1094 4116 habere
1111 4078 1157 4116 me
1179 4064 1256 4115 vetat

163 4159 277 4215 collatio
296 4177 377 4228 novo,
405 4177 460 4229 qua
478 4160 591 4215 edoctus
610 4177 670 4213 sum
689 4157 736 4225 Vl,
755 4158 807 4212 213
825 4157 881 4228 legi
899 4158 971 4213 aoiit
994 4157 1046 4212 479
1063 4156 1178 4226 flayeliis
1196 4156 1255 4226 VII,

116 4282 120 4289 ·
164 4256 217 4310 120
235 4254 360 4323 atrorem
379 4255 431 4309 124
445 4260 518 4324 petet
536 4255 611 4325 VIII,
632 4255 684 4309 203
704 4252 820 4320 frontem
836 4251 912 4322 XIII,
932 4252 983 4306 142
1000 4251 1067 4308 ariis
1081 4253 1211 4335 popalus.
